2392 3830
144 195 420 281 Sedjam
456 190 654 278 deficio
675 218 695 278 3
718 199 862 280 jam
895 194 1108 282 deferit
1140 218 1309 285 oegra
1336 199 1665 287 loquentem

325 284 426 351 Vis
457 286 711 370 linguce:
755 309 923 356 vocor
951 290 1299 374 adstdera3
1338 290 1550 380 Sponse
1582 295 1751 361 vale.

698 463 759 534 E
853 467 920 538 C
983 466 1076 568 ,L
1169 468 1243 539 O
1335 468 1412 539 G
1502 466 1610 539 A.

763 645 1113 718 Melibaeus
1141 702 1154 716 .
1200 645 1505 733 Daphnis
1531 703 1544 715 .

143 819 384 894 Melib.
429 828 606 983 D
630 828 837 916 Aphni
857 879 877 914 ,
919 834 1067 917 quid
1097 829 1323 916 insolito
1373 831 1646 895 turbatus
1685 827 1924 919 pettam
1958 828 2113 898 luftu
2134 880 2156 916 ,

657 919 745 985 Et
773 920 936 1006 tristi
965 924 1036 989 de
1069 923 1233 989 corde
1260 923 1504 989 trahens
1519 919 1782 1009 suspiria
1798 971 1817 1006 ,
1848 942 2069 1011 campos
2087 971 2109 1009 ,

429 1007 922 1103 Lanigerumque
934 1030 1102 1097 pecus
1123 1014 1354 1079 rediens
1387 1035 1452 1080 ex
1481 1012 1680 1096 Urbe,
1719 1016 1975 1098 revisis?
2102 1018 2104 1020 ’

433 1103 541 1167 An
577 1102 722 1189 quia
758 1101 1138 1170 Romulidum
1155 1099 1429 1189 spectasti
1462 1120 1644 1187 nuper
1677 1102 1919 1168 honores
1941 1153 1961 1188 ,

433 1189 919 1279 Magnificasque
941 1195 1114 1259 aulas
1134 1240 1155 1275 ,
1177 1210 1357 1280 atque
1377 1195 1518 1261 altae
1543 1195 1758 1258 moenia
1776 1192 1977 1261 Romoe
1998 1241 2019 1276 ,

438 1280 595 1349 Hinc
610 1285 724 1349 tibi
740 1306 842 1350 nec
852 1287 1052 1370 patrii
1070 1284 1233 1349 colles
1249 1331 1269 1366 ,
1308 1305 1411 1349 nec
1429 1304 1581 1346 rura
1591 1283 1927 1368 probantur
1949 1294 1974 1349 ?

146 1360 373 1453 Daph.
528 1371 824 1456 Tristitia
858 1372 1089 1459 causam
1099 1375 1173 1456 st
1200 1388 1267 1437 tu
1286 1393 1508 1460 quoque
1529 1374 1766 1439 noveris
1787 1419 1807 1455 ,
1844 1371 1922 1442 δέ)
1949 1389 2037 1441 ω

431 1459 655 1547 Tristis
672 1465 826 1547 eris,
859 1466 973 1529 tibi
980 1482 1215 1552 parque
1239 1479 1466 1549 premet
1485 1484 1579 1528 cor
1596 1455 1808 1527 lucitus.
1842 1462 1909 1527 In
1929 1484 2154 1529 omnem

433 1552 596 1641 „Quae
612 1552 682 1639 fi?
712 1556 939 1621 divinis
975 1571 1177 1620 notam
1201 1555 1527 1621 virtutibus
1565 1551 1796 1618 Orbem

424 1639 679 1709 Fecerat
697 1690 717 1726 ‚
753 1642 834 1713 ἐφ’)
855 1646 1041 1710 multo
1069 1666 1251 1731 quam
1271 1663 1454 1732 nuper
1472 1645 1734 1709 carmine
1754 1644 1840 1708 ad
1852 1641 2019 1727 astra

430 1729 714 1799 Tollebat
742 1732 994 1820 Thyrsis
1021 1736 1297 1822 gaudens
1311 1779 1332 1816 ,
1350 1818 1353 1820 Β
1368 1734 1614 1801 tollebat
1634 1734 1936 1821 Amyntas
1953 1781 1977 1819 ,

430 1823 782 1909 Anglorum
812 1823 1057 1912 Regina
1071 1874 1091 1901 ,
1126 1822 1358 1913 inopino
1371 1824 1596 1899 funere
1633 1839 1815 1910 rapta
1850 1821 1929 1906 est
1949 1874 1966 1892 .

137 1900 379 1975 Melib.
514 1917 580 1969 O
615 1917 872 1968 nimium
901 1904 1097 1986 rigidi
1127 1903 1285 1969 dura
1323 1906 1701 1973 inclementia
1717 1909 1884 1991 fati!
2116 1984 2119 1987 ,

427 1994 673 2080 Regina
704 1987 966 2059 extinbla
986 1992 1105 2077 cst?
1125 1995 1220 2059 At
1238 1989 1423 2079 nuper
1446 1997 1522 2061 ab
1555 1996 1718 2062 Urbe
1751 2002 2022 2087 reversus

430 2084 752 2152 Narravit
771 2082 1032 2172 Lycidas
1067 2105 1298 2169 magna
1316 2085 1479 2153 inter
1492 2088 1731 2172 gaudia
1750 2091 1904 2154 cives

424 2174 562 2259 Esse
577 2223 598 2259 ,
630 2176 788 2264 quod
815 2176 1068 2241 immitis
1100 2178 1196 2240 vis
1237 2175 1428 2242 morbi
1453 2171 1723 2263 c‘efferat:
1756 2175 1871 2266 ipse

426 2266 476 2331 S
476 2269 651 2352 aepius
682 2268 1023 2333 incolumem
1056 2266 1217 2332 vidit
1246 2264 1530 2350 confidere
1557 2269 1792 2355 templis
1809 2320 1824 2333 .

139 2350 364 2441 Daph.
501 2359 810 2425 Audieras
828 2405 849 2442 ,
882 2355 962 2427 δέ)
971 2355 1304 2443 famafuit
1321 2371 1462 2421 tunc
1486 2361 1702 2423 nuncia
1727 2361 1894 2434 veri.

432 2447 557 2514 Sed
581 2451 866 2535 quoniam
895 2448 1095 2514 crebro
1120 2447 1455 2512 morborum
1483 2450 1739 2518 incertus
1769 2447 1847 2519 δὲ)
1867 2469 2070 2538 anceps

428 2535 646 2603 Exitus
680 2538 760 2623 est
781 2586 802 2623 ,
839 2541 993 2605 cives
1004 2536 1138 2624 spes
1165 2539 1486 2623 intercepta
1499 2535 1758 2621 fhfillit.

428 2626 570 2695 Vidi
590 2652 694 2714 ego
711 2676 730 2709 ,
752 2652 878 2695 cum
896 2624 1071 2714 prelli
1095 2627 1408 2692 vendenda
1434 2628 1680 2711 coagula
1697 2621 1870 2693 lac‘lis
1887 2675 1910 2711 ‚

430 2717 804 2802 Bissenosque
837 2739 1020 2800 agnos
1041 2715 1296 2782 Romam
1313 2763 1333 2800 ,
1367 2718 1722 2803 totidemque
1757 2719 2004 2803 capellas

431 2801 463 2887 (
492 2807 580 2870 Ut
583 2805 768 2892 fieret
779 2809 1004 2892 gravis
1024 2827 1138 2871 cere
1164 2826 1374 2873 manus
1394 2802 1428 2892 )
1445 2810 1516 2878 de
1534 2830 1693 2874 more
1709 2803 1996 2893 tuliffem3
2029 2849 2031 2852 -

429 2894 593 2962 Urbe
614 2898 824 2984 palam
842 2913 969 2964 tota
994 2897 1261 2963 turbatos
1260 2895 1433 2981 stare
1450 2898 1732 2986 Qtirites
1753 2945 1775 2982 ,

435 2986 525 3052 Et
546 2991 759 3054 circum
787 2987 898 3055 hac
915 3036 936 3072 ,
965 2989 1106 3054 illac
1120 2988 1362 3073 lugubri
1389 2984 1542 3053 tedia
1561 2989 1819 3053 tumultu

432 3076 689 3164 Misceri
707 3124 727 3160 ,
762 3102 833 3144 ac
858 3077 1053 3163 trffles
1072 3080 1278 3145 audiri
1295 3101 1596 3144 murmure
1619 3100 1801 3145 voces:

433 3167 563 3234 Heu
571 3165 816 3255 fatum!
853 3170 960 3235 heu
982 3167 1134 3234 votis
1164 3189 1320 3234 mors
1346 3190 1376 3234 o
1408 3169 1585 3235 nimis
1614 3170 1830 3236 invida
1862 3166 2102 3254 rustris!

433 3256 764 3346 Religionis
791 3259 962 3325 honos
984 3306 1004 3343 ,
1038 3259 1201 3325 decus
1231 3258 1416 3325 Urbis
1431 3307 1451 3341 ,
1472 3261 1679 3344 gloria
1698 3258 1883 3343 Regis
1904 3305 1927 3343 ,

435 3347 881 3420 CLEMENTINA
904 3397 924 3434 ,
969 3351 1138 3416 obiit.
1182 3347 1385 3418 Fletus
1398 3350 1543 3435 jam
1552 3349 1806 3437 solvite,
1842 3349 2030 3505 εὲυῗ,

1906 3461 1936 3504 o
1964 3462 2056 3505 vt-
