2392 3830
296 189 331 193 l

1469 279 1472 281 '
1494 279 1615 304 “1⁰“
1708 276 2000 304 *ἢῆ

816 1535 818 1554 2
846 1459 966 1551 ΓΤ
987 1491 1031 1535 R
1054 1489 1093 1534 A
1117 1492 1157 1536 T
1181 1491 1224 1535 u
1245 1489 1274 1534 s
1311 1460 1422 1536 hic
1473 1470 1801 1556 parietum
1837 1468 2123 1562 squallor
2140 1525 2165 1565 ,

667 1555 818 1652 ]
900 1555 1031 1625 hoc
1060 1554 1272 1626 Urbis
1312 1555 1522 1629 veluti
1562 1561 1929 1653 justitium,
1977 1567 2162 1638 triste

435 1716 452 1729 ζ
610 1654 782 1735 A
901 1643 1035 1716 hoc
1082 1645 1373 1717 vestrum
1423 1651 1733 1721 omnium
1782 1650 2164 1744 suentium,

336 1787 376 1791 —
905 1755 1107 1823 atque
1153 1735 1291 1805 haec
1329 1731 1637 1827 funebri,
1685 1745 2007 1831 regioque
2055 1771 2166 1816 or-

309 1887 328 1909 5
469 1828 675 1912 1
721 1843 773 1907 ,ἐν
815 1831 846 1907 ll
899 1843 1063 1896 natu
1109 1818 1445 1897 notiffima
1491 1831 1726 1919 Imago
1760 1883 1781 1916 ‚
1819 1836 1886 1902 in
1922 1861 2118 1923 quam
2143 1885 2169 1923 ,

576 1916 848 1999 ⁰
902 1917 1344 1982 CARmNALES
1377 1916 1804 2008 AMPmssmss,
1848 1950 1986 1996 non
2028 1924 2166 1997 fine

142 2073 144 2078 ,
219 2071 226 2074 ,
285 2075 309 2082 2
899 1998 1215 2084 lacrymis
1254 2003 1650 2093 intuemini,
1692 2008 1840 2080 satis
1878 2018 1948 2084 in
1983 2041 2168 2084 men-

139 2084 164 2178 ss
900 2108 1040 2160 tem
1074 2114 1233 2160 eum
1270 2112 1596 2164 revocant
1633 2096 1854 2188 diem,
1882 2105 1948 2172 in
1989 2130 2167 2193 qito,

112 2180 767 2228 ἱρή
898 2198 1291 2250 recurrente
1311 2206 1490 2252 nunc
1513 2187 1919 2270 potisfimum
1943 2218 2123 2263 anno
2143 2243 2166 2279 ‚

127 2266 518 2341 MAR‘IA
551 2268 781 2345 CLE
802 2267 886 2342 M
908 2269 1420 2359 ENTINA,
1442 2274 1727 2348 MAGNAE
1756 2280 2162 2354 BR1TANN1AE

126 2358 397 2430 Rx-:mm
420 2410 440 2448 ,
464 2362 830 2431 immatura
850 2381 1070 2433 morte
1093 2381 1410 2449 praerepta
1431 2363 1563 2433 est.
1611 2369 1683 2439 O
1706 2369 1885 2440 diem
1911 2369 2166 2443 doloris

128 2447 400 2537 plenum
450 2456 515 2521 δι
554 2450 806 2523 Iustus!
855 2453 927 2525 O
977 2477 1226 2522 annum
1270 2456 1440 2522 tanti
1489 2457 1784 2528 vulneris
1831 2466 2162 2533 memoria

130 2543 199 2610 in
221 2565 492 2610 omnem
520 2541 970 2628 posteritatem
995 2540 1526 2613 acerbissimum!
1559 2547 1631 2618 O
1655 2571 1945 2621 mortem
1979 2550 2162 2621 nulla

132 2627 279 2699 satis
303 2631 834 2717 comploratione
865 2631 1260 2702 dolendam!
1300 2633 1490 2703 Itane
1527 2637 1733 2723 igitur
1768 2658 1874 2709 tot
1896 2691 1917 2725 ,
1940 2638 2163 2712 tantis-

129 2745 257 2806 que
298 2718 540 2805 Italiae,
581 2722 719 2790 imo
751 2723 1039 2807 Europae
1079 2719 1400 2792 universae
1436 2723 1957 2816 calamitatibu5‚
1995 2728 2163 2801 illud

132 2811 336 2879 etiam
361 2808 441 2877 ad
463 2810 839 2894 augendam
875 2830 1253 2898 temporum
1279 2814 1715 2887 acerbitatem
1744 2820 2012 2890 acceffit
2035 2871 2056 2906 ‚
2088 2840 2166 2891 ut

132 2898 326 2969 nobis
350 2896 645 2969 Poloniae
678 2900 880 2971 decus
903 2951 924 2988 ,
940 2902 1184 2972 Romae
1210 2901 1426 2989 gloria
1446 2953 1466 2988 ,
1484 2903 1868 2993 Religionis
1888 2909 2116 2981 lumen
2139 2960 2163 2998 ,

133 2994 202 3059 &
251 2990 579 3058 virtutum
631 2993 933 3061 omnium
982 2991 1330 3079 exemplar
1377 2991 1906 3080 spectatissimum
1945 3001 2160 3087 inopi-

138 3101 230 3148 no
256 3074 398 3147 fato
437 3093 825 3165 raperetur?
853 3083 1127 3169 Lugete
1161 3084 1465 3170 virgines
1491 3090 1555 3155 ὃ(
1579 3108 1898 3161 matronae
1919 3139 1939 3172 ‚
1977 3090 2162 3177 luge-

135 3188 204 3237 te
247 3165 527 3252 orphani
562 3176 626 3239 &
671 3169 888 3240 viduae
910 3221 929 3250 ,
961 3173 1213 3241 civium
1247 3176 1550 3243 omnium
1580 3178 1849 3249 ordines
1882 3176 2019 3249 fine
2059 3182 2159 3249 in-

135 3256 552 3328 termiffione
586 3257 848 3347 lugete.
896 3260 1130 3349 Digna
1167 3261 1259 3331 est
1297 3266 1595 3334 omnium
1633 3266 1948 3351 lacrymis
1981 3293 2179 3337 mor--

142 3367 305 3433 tua,
363 3372 506 3434 quae
543 3351 701 3420 viva
749 3352 1049 3421 omnium
1096 3348 1425 3436 lacrymas
1474 3354 1942 3446 abstergebat,
1990 3356 2161 3427 lacta

1754 3449 2060 3518 omnium
