2392 3830
285 270 364 315 10

170 332 600 407 severitatem
637 382 657 419 5
684 326 1403 417 animidemiffionem,
1435 327 1852 416 prudentiam
1872 324 2208 417 ,mansue-

169 428 473 497 tudinem
489 477 508 511 ,
525 424 1009 506 innocentiam,
1030 422 1312 489 virtutes
1332 444 1569 489 omnes
1599 438 1816 488 tantas
1834 417 1966 489 effe
1992 422 2060 487 in
2082 417 2207 486 hac

172 543 339 604 una,
357 536 612 604 quantae
630 517 699 584 in
720 512 987 599 reliquis
1009 511 1318 580 omnibus
1340 537 1383 578 n
1398 511 1754 597 ostrorum,
1772 514 1838 578 &
1861 507 2200 595 quamplu-

174 607 356 678 ribus
377 608 581 683 etiam
604 607 1029 692 antiquorum
1052 623 1430 689 temporum
1457 599 1853 671 sanffiffimis
1873 598 2166 668 foeminis
2182 650 2203 685 ,

176 724 337 785 quas
360 718 473 769 aut
496 696 787 767 vidimus
807 747 828 781 ,
867 715 980 763 aut
1004 693 1384 762 audivimus
1406 744 1426 780 ,
1450 717 1585 761 non
1607 687 1876 761 fuerunt
1896 744 1909 757 .
1944 689 2200 778 'Qanv

175 814 376 874 quam
400 787 559 874 quid
580 790 676 858 eis
698 811 832 874 ego
855 785 1038 871 plura
1059 808 1529 852 commemoro
1552 832 1572 868 ,
1608 784 1716 867 qui
1754 779 1837 849 de
1873 805 1944 848 re
1982 776 2207 847 certis-

178 877 342 950 sima
364 878 526 955 nihil
557 878 912 948 dubitant?
950 875 1060 959 qui
1083 872 1220 942 haec
1242 875 1471 943 omnia
1490 870 1614 940 suis
1637 869 1750 957 ipsi
1787 878 1851 941 &
1889 867 2206 937 viderunt

184 970 436 1057 oculis,
469 977 532 1040 δε
566 970 792 1038 animo
822 977 1105 1035 tenent?
1143 965 1254 1048 qui
1292 982 1396 1032 tot
1433 962 1686 1047 semper
1708 1012 1728 1047 5
1768 985 1845 1029 ac
1879 980 2016 1027 tam
2052 984 2207 1043 prae-

180 1061 366 1132 clara
399 1059 483 1130 de
531 1061 613 1129 M
639 1059 706 1127 A
736 1057 803 1126 R
827 1057 857 1125 Ι
882 1056 951 1122 Α
1000 1053 1702 1123 CLEMENTINA
1750 1050 1998 1139 judicia
2034 1045 2209 1118 fece-

181 1164 391 1222 runt?
437 1150 619 1232 Vos,
667 1170 790 1214 vos
826 1143 1121 1235 appello,
1171 1142 1426 1212 PATRES
1472 1143 1903 1226 AMpmsert,
1952 1138 2206 1207 Princi-

179 1265 296 1329 pes
331 1244 472 1325 ejus
489 1239 810 1323 SenatuS,
852 1263 983 1323 quo
1019 1232 1238 1307 nullus
1263 1231 1356 1304 est
1388 1229 1709 1318 sanffior,
1744 1250 1857 1300 aut
1882 1226 2212 1299 excelsior

177 1336 247 1402 in
286 1330 522 1414 terri53
557 1326 641 1397 de
678 1329 876 1396 vestri
909 1326 1018 1396 hic
1052 1326 1295 1415 loquor·
1326 1318 1764 1395 consensione
1811 1320 2037 1400 iudicii
2070 1345 2212 1404 gra-

177 1418 427 1489 viffimi
469 1425 533 1488 &
557 1418 873 1487 maximi:
914 1443 1038 1488 vos
1089 1420 1171 1487 M
1196 1412 1589 1491 ARIAM
1638 1409 2214 1482 CLEMENTI-

179 1510 424 1581 ΝΛΜ
477 1508 716 1578 vivum
761 1507 1094 1594 quoddam
1132 1505 1484 1579 sanstitatis
1521 1499 1867 1587 exemplar
1904 1498 2212 1585 prae-diea-

179 1601 401 1685 bati53
436 1622 557 1667 vos
596 1600 1072 1686 nuncupabatis
1103 1597 1285 1668 illam
1326 1596 1657 1668 christiani
1680 1591 1973 1664 hominis
1996 1587 2214 1675 specu-

180 1690 324 1760 lum
348 1739 368 1775 ,
408 1695 472 1758 &
512 1687 732 1758 ideam
766 1718 786 1775 ·‚
842 1715 964 1762 vos
1003 1692 1268 1760 virtutis
1301 1694 1442 1776 ejus
1477 1685 1811 1774 fastigium
1852 1680 2046 1750 altius
2084 1674 2216 1748 effe

179 1779 492 1851 humanis
527 1779 873 1851 obtutibus
894 1776 1032 1849 faffi
1057 1780 1244 1867 esti53
1288 1787 1350 1850 &
1382 1779 1506 1851 hac
1540 1777 1671 1864 ipsa
1691 1774 2021 1846 hodierna
2040 1768 2216 1840 cele-

181 1871 432 1941 britate
455 1869 612 1956 quid
637 1870 817 1940 aliud
847 1871 1186 1941 ostenditis
1210 1923 1229 1960 ,
1264 1868 1385 1941 nifi
1408 1869 1587 1960 quod
1609 1894 1746 1938 non
1766 1869 1988 1935 minor
2023 1884 2061 1928 a
2106 1882 2218 1927 vo-

184 1959 288 2030 bis
311 1980 540 2044 captus
566 1960 661 2030 est
685 1961 880 2031 dolor
910 1972 997 2010 »Χ
1020 1966 1161 2026 eju>
1185 1980 1639 2028 “ww-tenuram
1672 1984 1761 2028 ex
1790 1959 1927 2035 eius
1950 1950 2218 2020 virtuti-

187 2050 308 2118 bus
331 2046 741 2120 admhatio?
779 2033 895 2101 Te
933 2057 1139 2117 vem,
1190 2030 1684 2101 CLEMENS
1740 2037 2218 2106 BEATISSI-

184 2135 338 2208 ME
364 2183 385 2216 ,
421 2130 606 2208 cujus
632 2121 984 2217 voluntate
1008 2130 1070 2192 δε
1095 2116 1545 2190 beneficentia
1567 2141 1791 2191 tantus
1838 2125 2216 2195 MARIAE

186 2212 931 2295 CLEMENTINAE
995 2212 1305 2281 decretus
1341 2211 1436 2281 est
1472 2211 1691 2282 honor
1724 2262 1744 2297 7
1799 2235 1872 2280 ut
1908 2213 2217 2284 illustrius

187 2306 508 2382 effulserit
536 2302 1039 2390 quodammodo
1070 2307 1137 2372 in
1158 2298 1268 2370 fun
1280 2327 1394 2371 ere
1416 2353 1435 2389 3
1456 2327 1652 2389 quam
1677 2300 2012 2372 effulfiffet
2035 2305 2101 2371 in
2126 2302 2218 2373 so-

191 2401 291 2475 lio
311 2451 332 2487 ‚
374 2405 437 2468 &
468 2398 580 2481 qui
621 2392 885 2480 publica
925 2392 1036 2461 illa
1057 2394 1301 2461 mentis
1332 2413 1458 2461 tuae
1490 2390 1978 2481 significatione
2000 2392 2214 2479 palam

194 2484 656 2562 demonstrasti
708 2507 846 2552 non
898 2482 1104 2552 modo
1152 2507 1300 2550 eam
1336 2478 1526 2552 finisse
1580 2483 1703 2553 tibi
1739 2480 1990 2569 semper
2033 2507 2217 2552 acce-

194 2578 588 2672 ptiffimam,
609 2571 754 2660 sed,
795 2573 974 2660 quod
996 2591 1191 2658 caput
1212 2572 1305 2641 est
1337 2574 1659 2641 orationis
1682 2596 1845 2640 meae
1870 2622 1889 2659 ‚
1912 2570 2038 2640 suis
2072 2592 2215 2641 tan-

193 2665 554 2743 tummodo
588 2666 845 2734 meritis
887 2662 1463 2748 commendaram,
1500 2661 1736 2750 quibus
1777 2660 2082 2731 laudibus
2122 2655 2215 2731 ef-

195 2756 456 2832 feram?
496 2781 625 2842 qua
663 2756 733 2825 vi
769 2754 956 2824 vocis
987 2804 1007 2840 ,
1069 2777 1195 2839 qua
1234 2754 1569 2840 gravitate
1605 2750 1969 2821 verborum
2006 2749 2213 2820 confi-

196 2850 362 2922 lium
404 2852 467 2916 &
507 2844 891 2933 sapientiam
929 2864 1111 2913 tuam
1154 2843 1530 2914 extollam?
1565 2839 1967 2912 Praeclarum
2000 2840 2093 2911 est
2135 2844 2213 2910 ti-

200 2940 312 3023 bi,
353 2935 535 3022 quod
573 2956 688 3005 tua
727 2931 1080 3022 praesertim
1122 2953 1354 3020 aetate,
1390 2929 1645 3017 tuisque
1681 2982 1702 3018 7
1735 2930 2068 3017 dixerim,
2106 2955 2214 3000 au-

203 3026 415 3115 spiciis
434 3045 620 3096 tanta
639 3027 1013 3097 MARIAE
1063 3021 1798 3094 CLEMENTINAE
1848 3024 2058 3091 virtus
2079 3046 2216 3089 cre-

201 3116 379 3188 verit
402 3121 466 3184 &
487 3118 917 3186 maturuerit:
955 3112 1325 3201 praeclarius
1341 3162 1361 3197 ,
1381 3111 1564 3198 quod
1586 3112 1719 3182 alta
1740 3110 2022 3196 quadam
2043 3108 2213 3178 diffi-

202 3203 573 3278 mulatione
593 3256 612 3292 ,
633 3206 790 3274 dum
816 3209 1109 3292 viveret,
1129 3205 1192 3272 ei
1214 3201 1438 3272 locum
1460 3201 1722 3272 dederis
1741 3251 1761 3286 ,
1783 3219 1856 3268 ut
1876 3218 2019 3268 tota
2037 3201 2102 3267 in
2119 3196 2214 3266 lu-

204 3320 353 3365 cem
377 3295 778 3366 educeretur
804 3316 1000 3379 atque
1024 3312 1398 3382 appareret:
1437 3288 2018 3377 praeclarissimum,
2035 3287 2217 3373 quod

207 3384 347 3471 post
369 3385 671 3456 exagium
697 3388 837 3467 ejus
861 3387 1012 3454 vitae
1035 3382 1437 3455 curriculum
1458 3379 1888 3467 imperaveris
1907 3431 1927 3467 ,
1951 3398 2023 3447 ut
2045 3379 2121 3446 iis
2142 3378 2219 3446 il·-

210 3474 276 3547 la
313 3470 663 3548 efferretur
683 3473 1044 3547 honoribus
1065 3527 1086 3565 ‚
1114 3476 1225 3566 qui
1272 3472 1437 3543 Urbi
1473 3489 1672 3559 atque
1709 3469 1887 3542 Orbi
1921 3465 2220 3539 ostende-

1982 3576 2132 3629 I‘Cnt
