2392 3830
280 178 362 241 18

479 259 714 325 Solvite
730 305 748 339 ‚
777 280 878 324 nec
894 259 1175 348 lacrymis
1194 255 1394 323 modus
1414 302 1435 339 .,
1454 269 1562 320 aut
1566 254 1663 338 stt
1686 270 1846 321 meta
1867 253 2089 320 dolori.

479 345 765 415 Extinbla
798 348 876 433 est
898 351 1132 435 inopum
1166 346 1428 429 Δίαιον,
1459 345 1839 429 ncstrumque
1858 347 2170 410 levamen:

480 439 778 504 Omnibus
810 440 897 504 hoe
917 459 1076 504 voces
1097 486 1116 520 ,
1151 438 1315 503 dolor
1334 435 1427 501 hic
1443 450 1579 500 erat
1600 436 1863 500 omnibus
1886 457 2033 500 unus
2048 486 2063 500 .

195 526 440 603 Melib‚
580 529 735 595 Illud
749 545 883 594 erat
893 526 1367 616 proeteerlitum
1387 574 1406 608 .,
1440 526 1595 612 quod
1610 524 1779 608 triste
1784 522 2035 609 sonaret

485 617 724 702 Fistula
743 667 762 702 ,
801 618 877 688 δ’
902 617 1222 704 infaustum
1243 617 1531 704 quiddam
1544 616 1926 702 portenderet
1944 616 2072 679 axis
2087 666 2100 679 .

488 708 794 776 Mirabar
824 707 976 775 Coelo
1011 710 1180 774 toties
1209 701 1449 791 cecidgffii
1464 703 1673 788 sereno

486 797 766 883 Fulgura
788 845 807 880 ,
847 796 924 867 &³
948 800 1207 881 ignitum
1217 794 1329 881 fitb
1352 792 1509 862 nocie
1530 795 1745 862 ardere
1786 810 2069 861 cometam
2090 846 2103 859 .

486 887 792 961 „Mirabar
825 888 1050 971 maestas
1079 888 1164 954 ad
1184 885 1397 974 pascua
1433 887 1572 951 loeta
1608 887 1857 972 capellas

488 978 619 1061 Ire,
654 1000 756 1044 nec
795 977 1021 1061 arbusti
1049 992 1285 1043 teneras
1317 976 1610 1064 depascere
1636 974 1890 1061 frondes
1911 1022 1932 1059 ,

489 1069 796 1153 Plenaque
814 1068 1056 1151 jejunos
1066 1066 1243 1150 stare
1271 1069 1355 1134 ad
1366 1065 1643 1154 proefhpia
1665 1082 1871 1132 tauros
1892 1118 1906 1132 .

487 1152 853 1223 Extincflam
876 1155 1081 1242 mcestae
1104 1172 1196 1240 te,
1238 1154 1688 1225 CLEMENTINA
1712 1205 1732 1241 ,
1771 1158 1997 1244 capellae
2021 1203 2043 1239 ,

486 1246 581 1314 Te
604 1251 773 1313 tauri
792 1269 1013 1334 quoque
1023 1245 1332 1332 senserunt
1354 1271 1374 1328 3
1416 1245 1696 1332 certisque
1718 1250 1815 1312 vel
1833 1246 1957 1333 ipsa

490 1338 654 1424 Saepe
671 1355 840 1404 tuam
848 1341 1053 1423 signis
1093 1352 1442 1403 monuerunt
1458 1338 1675 1421 stdera
1715 1354 1964 1402 mortem
1985 1388 2001 1401 .

202 1424 431 1517 Daph.
572 1428 685 1495 Illa
697 1428 816 1514 sed
829 1444 1044 1495 aeterno
1048 1428 1295 1513 fruitur
1309 1430 1454 1512 jam
1476 1426 1745 1493 Numine
1767 1427 1917 1510 felix
1938 1473 1960 1509 ,

501 1519 624 1586 Sub
636 1518 986 1608 pedibusque
1009 1521 1175 1586 videt
1196 1520 1372 1585 nubes
1391 1566 1412 1602 ,
1449 1517 1526 1588 δέ’
1523 1519 1745 1603 sidera
1779 1519 1969 1584 calcat
1989 1569 2003 1583 .

497 1606 636 1679 Ah!
674 1613 925 1675 nimium
961 1611 1121 1676 nobis
1155 1612 1368 1694 magni
1384 1624 1442 1675 te
1475 1611 1651 1692 regia
1691 1607 1840 1674 Cceli

492 1699 723 1766 Invidit
743 1747 764 1781 ,
805 1698 1254 1770 CLEMENTINA
1277 1747 1297 1784 ‚
1336 1716 1516 1787 atque
1537 1700 1673 1765 hinc
1699 1714 1757 1765 te
1776 1696 2017 1784 abstulit
2037 1741 2052 1767 2
2077 1692 2154 1765 &²
2176 1710 2232 1760 te

496 1788 634 1875 Esse
654 1788 836 1876 fitam
857 1791 1045 1858 voluit
1067 1840 1089 1876 ‚
1123 1790 1331 1879 nosque
1351 1793 1588 1877 hicfine
1629 1789 1843 1858 honore
1865 1790 2142 1876 reliquit.

210 1874 457 1951 Melib.
594 1880 879 1968 Daphni,
910 1902 1080 1970 erras
1098 1935 1111 1941 -
1159 1883 1382 1968 Caelum
1407 1883 1616 1968 divisit
1636 1884 1834 1950 laudis
1852 1880 2127 1947 honorem
2147 1922 2171 1959 ,

499 1970 591 2038 Et
610 1985 808 2049 carpas
828 1959 1028 2043 nobis,
1066 1980 1339 2024 animum
1348 1974 1511 2041 stoi.
1558 1971 1783 2027 Debita
1805 1972 2024 2031 dudum

494 2053 635 2120 Olli
655 2065 791 2118 erat
815 2049 932 2115 hoec
949 2070 1163 2115 merces
1183 2096 1204 2129 ‚
1243 2050 1434 2114 tantis
1455 2046 1534 2120 δέ)
1547 2048 1950 2137 gloriafaelis
1966 2108 1980 2121 .

209 2140 438 2235 Daph,
578 2143 642 2208 O
684 2154 975 2228 quantum
1007 2133 1208 2207 decus!
1251 2162 1281 2206 o
1315 2155 1609 2228 quantum
1632 2140 1981 2230 splendebat
1999 2147 2063 2210 in
2082 2143 2194 2210 illa

497 2231 815 2302 Virtutum
836 2224 1065 2296 lumen!
1099 2227 1275 2297 Fidei
1295 2235 1401 2365 qui
1421 2233 1604 2299 cultus
1624 2280 1645 2316 ,
1681 2232 1760 2304 δέ)
1784 2230 2005 2301 ardor!

501 2326 641 2413 Qi
657 2319 860 2407 Jenfits
877 2323 1122 2412 pietatis
1155 2339 1325 2389 erat.
1359 2318 1608 2408 demiſjio
1646 2341 1919 2410 quanta..

501 2407 925 2499 NegleHusque
942 2411 1044 2499 sui
1064 2462 1083 2496 ,
1115 2414 1485 2502 propriaeque
1505 2414 1718 2480 oblivio
1743 2410 1915 2480 vita!

505 2506 781 2571 Sollicita
800 2508 864 2568 in
884 2499 1118 2584 miseros
1135 2527 1320 2590 quam
1341 2505 1517 2588 largo
1538 2527 1786 2570 munera
1824 2504 1982 2589 cenfit

504 2589 821 2679 Profudit!
860 2594 1004 2661 Sola
1025 2594 1378 2681 hacinopeS,
1418 2592 1717 2680 agrosque
1735 2595 2010 2678 juvandi

508 2684 676 2751 Cura
697 2731 716 2766 ,
738 2684 1062 2771 aliquando
1066 2682 1203 2770 fiii,
1218 2681 1398 2771 fabia
1430 2685 1691 2751 omnibus
1716 2688 1918 2750 omnia
1938 2732 1958 2767 ,
1991 2683 2164 2768 regni

506 2775 863 2863 Suspirabat
893 2794 1019 2863 opes
1038 2822 1057 2858 ,
1080 2773 1301 2862 sceptri
1332 2776 1423 2841 nil
1441 2790 1641 2841 cetera
1658 2797 1868 2840 curans
1889 2828 1902 2842 .

507 2867 613 2933 Sic
629 2865 778 2930 mihi
786 2885 933 2952 pene
952 2887 1144 2932 omnes
1167 2867 1580 2933 memorabant
1601 2883 1785 2953 nuper
1804 2868 1869 2931 in
1889 2863 2056 2931 Urbe

508 2954 842 3025 Moerentes
862 2959 1047 3039 cives,
1084 2957 1363 3045 lacrymis
1382 2973 1565 3040 atque
1597 2978 1707 3021 ora
1735 2956 2051 3041 rigabant.

222 3041 308 3113 M
316 3039 468 3112 elib.
591 3044 656 3108 O
694 3046 844 3111 mihi
881 3062 1110 3132 quanta
1130 3047 1317 3131 refers
1347 3067 1550 3110 rerum
1588 3048 1880 3111 miracula
1900 3092 1921 3130 ,
1959 3039 2236 3131 Daphni!

224 3129 458 3220 Daph.
591 3131 885 3201 Haetenus
904 3157 970 3200 ex
989 3137 1129 3202 aliis
1149 3135 1431 3221 quoefiznt
1450 3136 1599 3201 mihi
1620 3138 1854 3220 cognita
1873 3160 1894 3216 3
1914 3157 2065 3198 nunc
2083 3134 2238 3219 quod

515 3219 679 3304 Hisce
699 3227 872 3290 oculis
892 3242 1115 3310 egomet
1144 3228 1275 3293 vidi
1307 3228 1548 3292 tandem
1569 3229 1790 3312 accipe:
1828 3226 1904 3290 ab
1936 3247 2055 3289 una

512 3312 779 3379 Virtutes
817 3337 1010 3380 omnes
1027 3315 1306 3400 addil'cito
1324 3367 1339 3382 .
1387 3314 1454 3379 ln
1475 3318 1596 3383 cede
1616 3314 1929 3387 st=1inervoe

506 3403 671 3496 Qu?
674 3403 861 3490 sacra
880 3408 1169 3491 virgineae
1189 3406 1409 3475 ,Matri
1425 3405 1502 3492 est
1524 3453 1545 3490 ‚
1584 3406 1798 3472 orabat
1813 3453 1834 3490 ,
1870 3403 2159 3558 “nhc“'lalm

2018 3516 2141 3558 cete-
