2392 3830
292 221 316 259 1

196 223 371 349 Haan
400 299 463 346 tu
502 282 764 365 legitime
790 326 811 363 ,
852 280 1137 360 memini,
1173 277 1530 342 certantibus
1550 278 1689 340 olim

195 374 494 440 Pollicitus
511 419 530 454 ,
564 373 751 436 Pater
774 418 793 450 ‚
817 392 904 435 es.
937 368 1254 451 Numquid
1269 368 1548 432 mutabile
1568 365 1804 430 Numen
1822 371 1850 428 ?

188 462 437 528 Divina?
467 485 605 525 num
639 459 814 545 versa
861 475 1028 524 retro
1044 457 1348 543 sententia
1382 459 1611 524 menti?

191 552 491 636 Legitime
530 549 1045 618 CLEMENTINAM
1088 548 1318 634 certaff'e
1342 595 1361 629 ,
1400 549 1498 613 vel
1530 544 1652 633 ipsa

191 641 429 727 Religio
447 639 616 726 fassa
653 639 734 723 est
761 691 774 704 .
824 637 945 704 Cur
984 660 1121 722 ergo
1157 641 1412 723 denegat
1447 638 1550 703 olli

192 732 413 798 Debita
451 733 651 797 dona?
694 730 860 795 Satis
897 753 1038 794 num
1074 734 1324 811 proemia
1366 731 1553 812 digna
1579 729 1815 813 putarit

195 822 465 887 Sollicita
501 821 770 885 humanoe
793 866 812 893 ‚
854 818 1174 904 casuraque
1205 821 1440 902 gaudia
1471 821 1659 884 vitae?

193 907 328 977 Ah!
362 911 540 997 pudet
575 910 729 974 banc
740 908 916 992 fingi
933 909 1251 975 mercedem
1270 914 1334 975 in
1354 908 1658 989 Numine;
1705 907 1923 972 Coelum

198 1000 249 1065 C
252 1002 420 1065 celum
441 1048 460 1083 7
467 999 579 1086 fid
577 999 780 1083 fallor
801 1046 821 1082 ,
845 1020 1059 1064 merces
1080 996 1157 1078 est
1186 1022 1301 1064 non
1333 1002 1447 1084 nisi
1464 1000 1701 1064 Numen

196 1090 461 1155 Numine
479 1091 666 1173 digna
671 1087 830 1170 satis
852 1139 866 1152 .
901 1088 1042 1159 Non
1065 1111 1208 1154 raro
1237 1106 1304 1155 at
1338 1092 1614 1155 Sentibus
1654 1091 1810 1154 ultro

192 1179 490 1266 Tempora
514 1178 759 1243 vivendi
792 1179 1139 1246 tribuuntur
1163 1179 1342 1265 longa
1368 1231 1379 1244 .
1409 1181 1587 1267 Quid
1616 1181 1792 1246 inde?

193 1272 324 1335 Aut
343 1272 467 1335 ideo
490 1272 710 1334 vivunt
730 1316 749 1352 ,
771 1285 835 1333 ut
857 1285 1290 1337 convertantur
1315 1295 1336 1355 3
1359 1273 1426 1334 in
1445 1292 1630 1335 annos

196 1361 327 1424 Aut
354 1360 481 1426 ideo
503 1363 699 1425 vitam
719 1360 926 1425 Sontes
948 1408 968 1444 ,
993 1359 1070 1431 &³
1095 1377 1361 1447 tempora
1381 1363 1596 1428 ducunt
1617 1406 1640 1444 ‚

191 1448 280 1512 Ut
300 1467 411 1533 per
442 1471 529 1514 eos
549 1449 788 1535 fi'eleris
805 1453 948 1537 puri
973 1499 992 1534 ‚
1024 1449 1101 1520 δέ)
1123 1450 1368 1535 caelestia
1382 1450 1618 1537 semper

188 1539 326 1696 ἦρί
347 1556 559 1604 curant
578 1541 832 1606 homines
854 1590 874 1625 ‚
894 1564 1113 1607 aurum
1137 1543 1301 1606 velut
1320 1545 1459 1627 igne
1480 1590 1499 1625 7
1516 1541 1837 1633 probentur
1851 1591 1866 1606 .

261 1633 467 1695 umani
484 1629 756 1715 mensura
779 1634 896 1696 oevi
928 1655 1047 1697 non
1069 1634 1300 1698 ducitur
1321 1635 1498 1698 annis
1518 1679 1540 1714 ‚

193 1720 317 1785 Sed
336 1723 563 1786 virtute
583 1747 602 1803 ·,
625 1722 726 1786 diu
750 1724 904 1787 vixit
919 1768 940 1805 ‚
961 1721 1220 1809 quisquis
1240 1725 1377 1789 bene
1397 1724 1553 1789 vixit
1568 1774 1582 1788 .

197 1809 392 1876 Roma
412 1812 565 1877 dolet
586 1860 604 1894 ,
649 1811 962 1899 upplexque
984 1829 1193 1898 rogat:
1227 1816 1532 1902 doleatque
1566 1861 1585 1895 ,
1608 1825 1889 1901 rogetque
1903 1859 1920 1876 .

199 1897 338 1965 Non
359 1923 552 1986 (equus
581 1903 744 1968 dolor
777 1901 854 1982 eff
874 1949 894 1979 ‚
919 1906 1020 1967 am'
1041 1905 1510 1985 debitapraemia
1524 1902 1567 1984 J
1573 1927 1609 1967 u
1664 1907 1715 1968 is

197 1988 467 2057 Invidet,
514 1995 605 2057 At
626 1995 921 2043 vjm-utum
945 1971 1242 2056 exemplar
1260 1973 1496 2038 tollitur
1519 1997 1539 2054 3
1563 1991 1673 2054 esto
1697 2012 1715 2038 ι

198 2077 503 2140 Virtutum
516 2066 629 2153 sed
646 2065 828 2151 restat
849 2061 1038 2128 adhuc
1065 2077 1161 2126 ter
1176 2066 1420 2146 grande
1436 2061 1729 2145 JAcossUs

197 2162 521 2246 Exemplar
543 2205 562 2234 ,
585 2156 881 2238 restatque
903 2152 1091 2217 Pater
1112 2200 1131 2234 ,
1153 2151 1429 2239 Natique
1435 2151 1754 2238 supersunt
1774 2206 1788 2221 .

199 2252 284 2317 Hi
303 2253 467 2318 decus
484 2296 503 2331 ,
526 2244 603 2315 δέ)
609 2243 889 2332 splendor
909 2258 1193 2307 maneant
1209 2246 1455 2330 pietatis
1477 2270 1492 2309 ε
1514 2244 1589 2308 ab
1609 2241 1733 2329 istis

200 2341 437 2424 Religio
469 2338 650 2424 capiet
670 2355 954 2417 magnum
960 2330 1119 2416 satis
1139 2335 1563 2400 incrementum
1579 2388 1594 2405 .

209 2430 380 2513 Ergo
405 2429 448 2508 J
454 2426 662 2510 ustitia²
689 2417 967 2509 sanblum
1005 2446 1075 2487 ac
1093 2426 1468 2489 memorabile
1502 2449 1712 2493 nomen

206 2521 253 2586 S
256 2524 278 2585 i
283 2518 515 2605 semper
516 2516 649 2601 fuit
677 2517 742 2580 in
768 2512 920 2578 Ccelo
937 2560 957 2596 ,
980 2511 1299 2599 Terraque
1321 2562 1340 2598 ,
1365 2514 1668 2601 Ereboque
1685 2562 1708 2597 ,

206 2605 659 2692 Divinoestfixa
690 2619 936 2669 manent
956 2605 1194 2669 oracula
1223 2608 1435 2671 mentis
1460 2652 1481 2689 ,

203 2697 333 2766 Nec
353 2700 464 2764 tibi
494 2694 666 2780 versa
688 2745 708 2780 ,
731 2696 918 2767 Pater
937 2741 956 2776 ,
978 2709 1138 2760 retro
1161 2693 1587 2781 cstfi'ntentia3
1613 2696 1864 2763 reddam

205 2788 428 2856 Debita
428 2787 540 2872 fac
547 2786 591 2866 J
596 2785 733 2872 ustis
767 2789 831 2852 in
851 2783 1000 2849 Coelo
1019 2786 1174 2851 dona
1193 2833 1214 2868 ,
1243 2782 1523 2853 ‘coronam

206 2876 331 2944 Fac
370 2878 835 2947 CLEMENTINAE
863 2877 1127 2958 meritiS,
1160 2878 1386 2960 Pater,
1421 2900 1588 2965 oequa
1606 2879 1956 2965 rependam.

392 2969 630 3032 Annuit
645 2967 1030 3053 Omnipotens
1046 3018 1060 3032 .
1106 2966 1328 3052 Plaufit
1349 2967 1571 3033 Caelum
1597 2990 1762 3036 omne
1765 2966 2017 3054 sscztndo

214 3054 426 3137 Gestat
444 3103 464 3138 ,
489 3053 565 3124 δὲ)
588 3056 803 3122 laevum
820 3056 1116 3139 intonuit3
1142 3059 1484 3144 crinitaque
1489 3057 1770 3143 flammis

213 3144 481 3212 Nobilius
486 3143 662 3229 solito
684 3146 934 3233 rgsttfitb
962 3147 1212 3213 nubibus
1232 3146 1347 3214 Iris
1364 3199 1378 3213 .
