<?xml version="1.0" encoding="UTF-8"?>
<!DOCTYPE html PUBLIC "-//W3C//DTD XHTML 1.0 Transitional//EN"
    "http://www.w3.org/TR/xhtml1/DTD/xhtml1-transitional.dtd">
<html xmlns="http://www.w3.org/1999/xhtml" xml:lang="en" lang="en">
 <head>
  <title>
</title>
<meta http-equiv="Content-Type" content="text/html;charset=utf-8" />
  <meta name='ocr-system' content='tesseract 3.04.00' />
  <meta name='ocr-capabilities' content='ocr_page ocr_carea ocr_par ocr_line ocrx_word'/>
</head>
<body>
  <div class='ocr_page' id='page_1' title='image "./parentaliainanni00azon_0014.png"; bbox 0 0 2392 3830; ppageno 0'>
   <div class='ocr_carea' id='block_1_1' title="bbox 231 212 2238 358">
    <p class='ocr_par' dir='ltr' id='par_1_1' title="bbox 231 212 2238 358">
     <span class='ocr_line' id='line_1_1' title="bbox 231 212 2238 358; baseline -0.007 -16"><span class='ocrx_word' id='word_1_1' title='bbox 231 212 378 342; x_wconf 52' lang='lat' dir='ltr'>tum</span> <span class='ocrx_word' id='word_1_2' title='bbox 405 321 424 358; x_wconf 92' lang='lat'>,</span> <span class='ocrx_word' id='word_1_3' title='bbox 466 292 543 337; x_wconf 88' lang='lat' dir='ltr'>ac</span> <span class='ocrx_word' id='word_1_4' title='bbox 564 262 813 352; x_wconf 89' lang='lat' dir='ltr'>prorsus</span> <span class='ocrx_word' id='word_1_5' title='bbox 844 258 1223 332; x_wconf 85' lang='lat' dir='ltr'>inusitatum</span> <span class='ocrx_word' id='word_1_6' title='bbox 1245 259 1339 332; x_wconf 90' lang='lat' dir='ltr'>est</span> <span class='ocrx_word' id='word_1_7' title='bbox 1359 310 1380 348; x_wconf 93' lang='lat'>,</span> <span class='ocrx_word' id='word_1_8' title='bbox 1409 263 1725 330; x_wconf 89' lang='lat' dir='ltr'>virtutem</span> <span class='ocrx_word' id='word_1_9' title='bbox 1768 257 2017 329; x_wconf 86' lang='lat' dir='ltr'>scilicet</span> <span class='ocrx_word' id='word_1_10' title='bbox 2043 282 2081 326; x_wconf 92' lang='lat' dir='ltr'>a</span> <span class='ocrx_word' id='word_1_11' title='bbox 2110 257 2238 328; x_wconf 86' lang='lat' dir='ltr'>suis</span> 
     </span>
    </p>
   </div>
   <div class='ocr_carea' id='block_1_2' title="bbox 222 346 2294 3390">
    <p class='ocr_par' dir='ltr' id='par_1_2' title="bbox 229 346 2237 983">
     <span class='ocr_line' id='line_1_2' title="bbox 230 346 2236 447; baseline -0.006 -15"><span class='ocrx_word' id='word_1_12' title='bbox 230 358 421 447; x_wconf 89' lang='lat' dir='ltr'>ipfius</span> <span class='ocrx_word' id='word_1_13' title='bbox 450 356 741 429; x_wconf 89' lang='lat' dir='ltr'>hostibus</span> <span class='ocrx_word' id='word_1_14' title='bbox 770 353 997 439; x_wconf 86' lang='lat' dir='ltr'>diligi,</span> <span class='ocrx_word' id='word_1_15' title='bbox 1038 360 1101 422; x_wconf 87' lang='lat'>&amp;</span> <span class='ocrx_word' id='word_1_16' title='bbox 1137 376 1175 422; x_wconf 93' lang='lat' dir='ltr'>a</span> <span class='ocrx_word' id='word_1_17' title='bbox 1218 349 1344 420; x_wconf 92' lang='lat' dir='ltr'>suis</span> <span class='ocrx_word' id='word_1_18' title='bbox 1377 350 1569 437; x_wconf 87' lang='lat' dir='ltr'>ipfius</span> <span class='ocrx_word' id='word_1_19' title='bbox 1609 348 1898 420; x_wconf 89' lang='lat' dir='ltr'>hostibus</span> <span class='ocrx_word' id='word_1_20' title='bbox 1934 346 2236 419; x_wconf 83' lang='lat' dir='ltr'>laudibus</span> 
     </span>
     <span class='ocr_line' id='line_1_3' title="bbox 229 439 2233 532; baseline -0.008 -11"><span class='ocrx_word' id='word_1_21' title='bbox 229 449 501 521; x_wconf 91' lang='lat' dir='ltr'>summis</span> <span class='ocrx_word' id='word_1_22' title='bbox 543 444 767 517; x_wconf 85' lang='lat' dir='ltr'>efferri</span> <span class='ocrx_word' id='word_1_23' title='bbox 791 500 806 514; x_wconf 89' lang='lat'><strong>.</strong></span> <span class='ocrx_word' id='word_1_24' title='bbox 853 439 1163 532; x_wconf 87' lang='lat' dir='ltr'>Qisquis</span> <span class='ocrx_word' id='word_1_25' title='bbox 1192 439 1362 511; x_wconf 88' lang='lat' dir='ltr'>hanc</span> <span class='ocrx_word' id='word_1_26' title='bbox 1393 439 1602 509; x_wconf 86' lang='lat' dir='ltr'>laudis</span> <span class='ocrx_word' id='word_1_27' title='bbox 1640 458 1889 509; x_wconf 90' lang='lat' dir='ltr'>metam</span> <span class='ocrx_word' id='word_1_28' title='bbox 1920 439 2233 524; x_wconf 87' lang='lat' dir='ltr'>attingit,</span> 
     </span>
     <span class='ocr_line' id='line_1_4' title="bbox 229 528 2233 619; baseline -0.008 -9"><span class='ocrx_word' id='word_1_29' title='bbox 229 560 306 610; x_wconf 91' lang='lat' dir='ltr'>ut</span> <span class='ocrx_word' id='word_1_30' title='bbox 352 563 488 607; x_wconf 92' lang='lat' dir='ltr'>non</span> <span class='ocrx_word' id='word_1_31' title='bbox 527 536 909 606; x_wconf 89' lang='lat' dir='ltr'>divitiarum</span> <span class='ocrx_word' id='word_1_32' title='bbox 942 582 962 619; x_wconf 93' lang='lat'>,</span> <span class='ocrx_word' id='word_1_33' title='bbox 1009 556 1144 600; x_wconf 91' lang='lat' dir='ltr'>non</span> <span class='ocrx_word' id='word_1_34' title='bbox 1192 530 1565 615; x_wconf 90' lang='lat' dir='ltr'>honorum,</span> <span class='ocrx_word' id='word_1_35' title='bbox 1613 553 1749 598; x_wconf 83' lang='lat' dir='ltr'>non</span> <span class='ocrx_word' id='word_1_36' title='bbox 1790 528 2233 613; x_wconf 71' lang='lat' dir='ltr'>at1&amp;oritatiS,</span> 
     </span>
     <span class='ocr_line' id='line_1_5' title="bbox 231 616 2234 711; baseline -0.006 -12"><span class='ocrx_word' id='word_1_37' title='bbox 231 652 367 699; x_wconf 90' lang='lat' dir='ltr'>non</span> <span class='ocrx_word' id='word_1_38' title='bbox 419 624 864 711; x_wconf 82' lang='lat' dir='ltr'>amplitudinis</span> <span class='ocrx_word' id='word_1_39' title='bbox 900 671 919 707; x_wconf 93' lang='lat'>,</span> <span class='ocrx_word' id='word_1_40' title='bbox 973 618 1081 690; x_wconf 90' lang='lat' dir='ltr'>sed</span> <span class='ocrx_word' id='word_1_41' title='bbox 1127 617 1263 690; x_wconf 93' lang='lat' dir='ltr'>sola</span> <span class='ocrx_word' id='word_1_42' title='bbox 1315 621 1707 688; x_wconf 84' lang='lat' dir='ltr'>meritorum</span> <span class='ocrx_word' id='word_1_43' title='bbox 1766 616 2234 703; x_wconf 79' lang='lat' dir='ltr'>suffragatione</span> 
     </span>
     <span class='ocr_line' id='line_1_6' title="bbox 236 705 2237 804; baseline -0.005 -18"><span class='ocrx_word' id='word_1_44' title='bbox 236 715 410 804; x_wconf 89' lang='lat' dir='ltr'>apud</span> <span class='ocrx_word' id='word_1_45' title='bbox 446 716 612 803; x_wconf 89' lang='lat' dir='ltr'>ipsos</span> <span class='ocrx_word' id='word_1_46' title='bbox 652 714 911 783; x_wconf 86' lang='lat' dir='ltr'>virtutis</span> <span class='ocrx_word' id='word_1_47' title='bbox 950 708 1166 779; x_wconf 85' lang='lat' dir='ltr'>hostes</span> <span class='ocrx_word' id='word_1_48' title='bbox 1198 707 1670 779; x_wconf 83' lang='lat' dir='ltr'>laudatiffimus</span> <span class='ocrx_word' id='word_1_49' title='bbox 1707 705 1825 793; x_wconf 85' lang='lat' dir='ltr'>fit,</span> <span class='ocrx_word' id='word_1_50' title='bbox 1859 710 1912 776; x_wconf 90' lang='lat' dir='ltr'>is</span> <span class='ocrx_word' id='word_1_51' title='bbox 1948 705 2237 792; x_wconf 76' lang='lat' dir='ltr'>dignissi-</span> 
     </span>
     <span class='ocr_line' id='line_1_7' title="bbox 231 794 2235 890; baseline -0.007 -13"><span class='ocrx_word' id='word_1_52' title='bbox 231 829 379 877; x_wconf 86' lang='lat' dir='ltr'>mus</span> <span class='ocrx_word' id='word_1_53' title='bbox 402 801 694 890; x_wconf 53' lang='lat' dir='ltr'>profe&amp;</span> <span class='ocrx_word' id='word_1_54' title='bbox 716 804 807 872; x_wconf 89' lang='lat' dir='ltr'>est</span> <span class='ocrx_word' id='word_1_55' title='bbox 826 852 845 886; x_wconf 92' lang='lat'>,</span> <span class='ocrx_word' id='word_1_56' title='bbox 877 802 1145 883; x_wconf 76' lang='lat' dir='ltr'>quinon</span> <span class='ocrx_word' id='word_1_57' title='bbox 1168 799 1373 869; x_wconf 89' lang='lat' dir='ltr'>modo</span> <span class='ocrx_word' id='word_1_58' title='bbox 1413 823 1565 866; x_wconf 89' lang='lat' dir='ltr'>cum</span> <span class='ocrx_word' id='word_1_59' title='bbox 1588 794 1853 866; x_wconf 91' lang='lat' dir='ltr'>summis</span> <span class='ocrx_word' id='word_1_60' title='bbox 1877 799 2031 864; x_wconf 90' lang='lat' dir='ltr'>viris</span> <span class='ocrx_word' id='word_1_61' title='bbox 2052 819 2235 864; x_wconf 77' lang='lat' dir='ltr'>com-</span> 
     </span>
     <span class='ocr_line' id='line_1_8' title="bbox 230 884 2234 983; baseline -0.004 -20"><span class='ocrx_word' id='word_1_62' title='bbox 230 915 535 983; x_wconf 78' lang='lat' dir='ltr'>paretur,</span> <span class='ocrx_word' id='word_1_63' title='bbox 575 890 679 961; x_wconf 82' lang='lat' dir='ltr'>sed</span> <span class='ocrx_word' id='word_1_64' title='bbox 703 889 1049 962; x_wconf 57' lang='lat' dir='ltr'>Caelitibus</span> <span class='ocrx_word' id='word_1_65' title='bbox 1086 891 1288 957; x_wconf 85' lang='lat' dir='ltr'>etiam</span> <span class='ocrx_word' id='word_1_66' title='bbox 1325 885 1469 973; x_wconf 86' lang='lat' dir='ltr'>ipfis</span> <span class='ocrx_word' id='word_1_67' title='bbox 1498 885 1858 955; x_wconf 89' lang='lat' dir='ltr'>fimillimus</span> <span class='ocrx_word' id='word_1_68' title='bbox 1881 884 2234 954; x_wconf 78' lang='lat' dir='ltr'>habeatur.</span> 
     </span>
    </p>

    <p class='ocr_par' dir='ltr' id='par_1_3' title="bbox 222 974 2294 3390">
     <span class='ocr_line' id='line_1_9' title="bbox 408 974 2236 1066; baseline -0.005 -14"><span class='ocrx_word' id='word_1_69' title='bbox 408 983 549 1066; x_wconf 90' lang='lat' dir='ltr'>Jam</span> <span class='ocrx_word' id='word_1_70' title='bbox 590 1006 754 1049; x_wconf 90' lang='lat' dir='ltr'>vero</span> <span class='ocrx_word' id='word_1_71' title='bbox 781 1003 919 1063; x_wconf 80' lang='lat' dir='ltr'>quae</span> <span class='ocrx_word' id='word_1_72' title='bbox 956 981 1201 1063; x_wconf 89' lang='lat' dir='ltr'>poterit</span> <span class='ocrx_word' id='word_1_73' title='bbox 1232 977 1466 1047; x_wconf 90' lang='lat' dir='ltr'>virtuti</span> <span class='ocrx_word' id='word_1_74' title='bbox 1500 977 1583 1045; x_wconf 92' lang='lat' dir='ltr'>M</span> <span class='ocrx_word' id='word_1_75' title='bbox 1604 978 1924 1047; x_wconf 84' lang='lat' dir='ltr'>ARIAE</span> <span class='ocrx_word' id='word_1_76' title='bbox 1976 976 2039 1046; x_wconf 91' lang='lat' dir='ltr'>C</span> <span class='ocrx_word' id='word_1_77' title='bbox 2060 974 2121 1042; x_wconf 91' lang='lat' dir='ltr'>L</span> <span class='ocrx_word' id='word_1_78' title='bbox 2142 975 2236 1043; x_wconf 84' lang='lat' dir='ltr'>E-</span> 
     </span>
     <span class='ocr_line' id='line_1_10' title="bbox 231 1062 2235 1151; baseline -0.006 -7"><span class='ocrx_word' id='word_1_79' title='bbox 231 1072 395 1144; x_wconf 88' lang='lat' dir='ltr'>ME</span> <span class='ocrx_word' id='word_1_80' title='bbox 418 1072 628 1142; x_wconf 90' lang='lat' dir='ltr'>NTI</span> <span class='ocrx_word' id='word_1_81' title='bbox 650 1069 844 1139; x_wconf 83' lang='lat' dir='ltr'>NAE</span> <span class='ocrx_word' id='word_1_82' title='bbox 882 1090 997 1151; x_wconf 89' lang='lat' dir='ltr'>par</span> <span class='ocrx_word' id='word_1_83' title='bbox 1035 1069 1255 1136; x_wconf 87' lang='lat' dir='ltr'>oratio</span> <span class='ocrx_word' id='word_1_84' title='bbox 1287 1068 1622 1136; x_wconf 88' lang='lat' dir='ltr'>inveniri?</span> <span class='ocrx_word' id='word_1_85' title='bbox 1660 1068 1831 1137; x_wconf 81' lang='lat' dir='ltr'>Haec</span> <span class='ocrx_word' id='word_1_86' title='bbox 1852 1090 1986 1134; x_wconf 87' lang='lat' dir='ltr'>non</span> <span class='ocrx_word' id='word_1_87' title='bbox 2023 1062 2235 1132; x_wconf 87' lang='lat' dir='ltr'>solum</span> 
     </span>
     <span class='ocr_line' id='line_1_11' title="bbox 233 1155 2235 1243; baseline -0.005 -13"><span class='ocrx_word' id='word_1_88' title='bbox 233 1164 414 1230; x_wconf 89' lang='lat' dir='ltr'>viros</span> <span class='ocrx_word' id='word_1_89' title='bbox 434 1185 664 1230; x_wconf 90' lang='lat' dir='ltr'>omnes</span> <span class='ocrx_word' id='word_1_90' title='bbox 687 1165 747 1226; x_wconf 63' lang='grc' dir='ltr'>ἃ</span> <span class='ocrx_word' id='word_1_91' title='bbox 773 1155 1221 1241; x_wconf 78' lang='lat' dir='ltr'>amplitudinis</span> <span class='ocrx_word' id='word_1_92' title='bbox 1240 1207 1260 1242; x_wconf 94' lang='lat'>,</span> <span class='ocrx_word' id='word_1_93' title='bbox 1300 1163 1363 1225; x_wconf 85' lang='lat'>&amp;</span> <span class='ocrx_word' id='word_1_94' title='bbox 1383 1156 1704 1241; x_wconf 67' lang='lat' dir='ltr'>sapientiae</span> <span class='ocrx_word' id='word_1_95' title='bbox 1723 1207 1742 1243; x_wconf 95' lang='lat'>,</span> <span class='ocrx_word' id='word_1_96' title='bbox 1772 1163 1834 1225; x_wconf 67' lang='grc' dir='ltr'>δε</span> <span class='ocrx_word' id='word_1_97' title='bbox 1855 1155 2198 1242; x_wconf 81' lang='lat' dir='ltr'>probitatis</span> <span class='ocrx_word' id='word_1_98' title='bbox 2215 1203 2235 1238; x_wconf 92' lang='lat'>,</span> 
     </span>
     <span class='ocr_line' id='line_1_12' title="bbox 232 1244 2236 1333; baseline -0.005 -14"><span class='ocrx_word' id='word_1_99' title='bbox 232 1257 297 1319; x_wconf 84' lang='lat'>&amp;</span> <span class='ocrx_word' id='word_1_100' title='bbox 339 1247 772 1318; x_wconf 58' lang='lat' dir='ltr'>sanilimoniae</span> <span class='ocrx_word' id='word_1_101' title='bbox 826 1245 1020 1314; x_wconf 87' lang='lat' dir='ltr'>laude</span> <span class='ocrx_word' id='word_1_102' title='bbox 1070 1244 1556 1333; x_wconf 58' lang='lat' dir='ltr'>spefiiatiffimos</span> <span class='ocrx_word' id='word_1_103' title='bbox 1606 1246 1673 1312; x_wconf 92' lang='lat' dir='ltr'>in</span> <span class='ocrx_word' id='word_1_104' title='bbox 1720 1245 2236 1314; x_wconf 84' lang='lat' dir='ltr'>admirationem</span> 
     </span>
     <span class='ocr_line' id='line_1_13' title="bbox 230 1330 2235 1433; baseline -0.003 -28"><span class='ocrx_word' id='word_1_105' title='bbox 230 1335 429 1433; x_wconf 77' lang='lat' dir='ltr'>usque</span> <span class='ocrx_word' id='word_1_106' title='bbox 471 1339 840 1421; x_wconf 80' lang='lat' dir='ltr'>excitavit,</span> <span class='ocrx_word' id='word_1_107' title='bbox 892 1333 1000 1404; x_wconf 88' lang='lat' dir='ltr'>sed</span> <span class='ocrx_word' id='word_1_108' title='bbox 1040 1338 1121 1406; x_wconf 91' lang='lat' dir='ltr'>ab</span> <span class='ocrx_word' id='word_1_109' title='bbox 1159 1339 1239 1405; x_wconf 87' lang='lat' dir='ltr'>iis</span> <span class='ocrx_word' id='word_1_110' title='bbox 1287 1360 1552 1422; x_wconf 88' lang='lat' dir='ltr'>quoque</span> <span class='ocrx_word' id='word_1_111' title='bbox 1602 1337 2104 1404; x_wconf 85' lang='lat' dir='ltr'>venerationem</span> <span class='ocrx_word' id='word_1_112' title='bbox 2142 1330 2235 1399; x_wconf 87' lang='lat' dir='ltr'>est</span> 
     </span>
     <span class='ocr_line' id='line_1_14' title="bbox 225 1424 2237 1513; baseline -0.003 -19"><span class='ocrx_word' id='word_1_113' title='bbox 225 1428 589 1496; x_wconf 82' lang='lat' dir='ltr'>conleeuta</span> <span class='ocrx_word' id='word_1_114' title='bbox 623 1478 643 1513; x_wconf 94' lang='lat'>,</span> <span class='ocrx_word' id='word_1_115' title='bbox 691 1427 805 1512; x_wconf 89' lang='lat' dir='ltr'>qui</span> <span class='ocrx_word' id='word_1_116' title='bbox 854 1424 1050 1494; x_wconf 93' lang='lat' dir='ltr'>rudes</span> <span class='ocrx_word' id='word_1_117' title='bbox 1100 1427 1380 1496; x_wconf 89' lang='lat' dir='ltr'>omnino</span> <span class='ocrx_word' id='word_1_118' title='bbox 1426 1446 1623 1511; x_wconf 91' lang='lat' dir='ltr'>atque</span> <span class='ocrx_word' id='word_1_119' title='bbox 1671 1429 1886 1511; x_wconf 84' lang='lat' dir='ltr'>ignari</span> <span class='ocrx_word' id='word_1_120' title='bbox 1933 1424 2237 1508; x_wconf 82' lang='lat' dir='ltr'>pietatiS,</span> 
     </span>
     <span class='ocr_line' id='line_1_15' title="bbox 225 1515 2235 1603; baseline -0.003 -19"><span class='ocrx_word' id='word_1_121' title='bbox 225 1539 477 1585; x_wconf 91' lang='lat' dir='ltr'>nomen</span> <span class='ocrx_word' id='word_1_122' title='bbox 518 1515 720 1603; x_wconf 82' lang='lat' dir='ltr'>ipsum</span> <span class='ocrx_word' id='word_1_123' title='bbox 763 1516 1028 1584; x_wconf 90' lang='lat' dir='ltr'>virtutis</span> <span class='ocrx_word' id='word_1_124' title='bbox 1072 1536 1184 1585; x_wconf 93' lang='lat' dir='ltr'>aut</span> <span class='ocrx_word' id='word_1_125' title='bbox 1224 1518 1571 1602; x_wconf 85' lang='lat' dir='ltr'>ignorant,</span> <span class='ocrx_word' id='word_1_126' title='bbox 1607 1534 1721 1583; x_wconf 91' lang='lat' dir='ltr'>aut</span> <span class='ocrx_word' id='word_1_127' title='bbox 1763 1529 2235 1584; x_wconf 89' lang='lat' dir='ltr'>contemnunt.</span> 
     </span>
     <span class='ocr_line' id='line_1_16' title="bbox 224 1597 2236 1690; baseline -0.004 -15"><span class='ocrx_word' id='word_1_128' title='bbox 224 1605 435 1675; x_wconf 84' lang='lat' dir='ltr'>Hane</span> <span class='ocrx_word' id='word_1_129' title='bbox 473 1607 538 1673; x_wconf 92' lang='lat' dir='ltr'>in</span> <span class='ocrx_word' id='word_1_130' title='bbox 585 1606 774 1676; x_wconf 91' lang='lat' dir='ltr'>Urbe</span> <span class='ocrx_word' id='word_1_131' title='bbox 811 1605 1039 1677; x_wconf 85' lang='lat' dir='ltr'>Roma</span> <span class='ocrx_word' id='word_1_132' title='bbox 1072 1603 1337 1675; x_wconf 80' lang='lat' dir='ltr'>insolito</span> <span class='ocrx_word' id='word_1_133' title='bbox 1369 1603 1659 1690; x_wconf 85' lang='lat' dir='ltr'>quodam</span> <span class='ocrx_word' id='word_1_134' title='bbox 1693 1600 2058 1690; x_wconf 59' lang='lat' dir='ltr'>spetiaculo</span> <span class='ocrx_word' id='word_1_135' title='bbox 2095 1597 2236 1687; x_wconf 87' lang='lat' dir='ltr'>post</span> 
     </span>
     <span class='ocr_line' id='line_1_17' title="bbox 226 1689 2241 1783; baseline -0.003 -21"><span class='ocrx_word' id='word_1_136' title='bbox 226 1693 430 1782; x_wconf 89' lang='lat' dir='ltr'>longa</span> <span class='ocrx_word' id='word_1_137' title='bbox 462 1714 838 1783; x_wconf 87' lang='lat' dir='ltr'>temporum</span> <span class='ocrx_word' id='word_1_138' title='bbox 877 1695 1226 1765; x_wconf 86' lang='lat' dir='ltr'>intervalla</span> <span class='ocrx_word' id='word_1_139' title='bbox 1273 1695 1534 1776; x_wconf 85' lang='lat' dir='ltr'>probari</span> <span class='ocrx_word' id='word_1_140' title='bbox 1579 1694 1662 1764; x_wconf 91' lang='lat' dir='ltr'>ab</span> <span class='ocrx_word' id='word_1_141' title='bbox 1696 1693 2004 1763; x_wconf 90' lang='lat' dir='ltr'>omnibus</span> <span class='ocrx_word' id='word_1_142' title='bbox 2042 1698 2105 1759; x_wconf 89' lang='lat'>&amp;</span> <span class='ocrx_word' id='word_1_143' title='bbox 2142 1689 2241 1757; x_wconf 91' lang='lat' dir='ltr'>vi-</span> 
     </span>
     <span class='ocr_line' id='line_1_18' title="bbox 224 1775 2238 1872; baseline -0.005 -18"><span class='ocrx_word' id='word_1_144' title='bbox 224 1785 442 1855; x_wconf 89' lang='lat' dir='ltr'>dimus</span> <span class='ocrx_word' id='word_1_145' title='bbox 466 1835 487 1872; x_wconf 94' lang='lat'>,</span> <span class='ocrx_word' id='word_1_146' title='bbox 517 1793 580 1857; x_wconf 84' lang='lat'>&amp;</span> <span class='ocrx_word' id='word_1_147' title='bbox 603 1786 1003 1856; x_wconf 82' lang='lat' dir='ltr'>audivimus,</span> <span class='ocrx_word' id='word_1_148' title='bbox 1049 1787 1241 1855; x_wconf 82' lang='lat' dir='ltr'>Huic</span> <span class='ocrx_word' id='word_1_149' title='bbox 1262 1785 1467 1854; x_wconf 87' lang='lat' dir='ltr'>Fama</span> <span class='ocrx_word' id='word_1_150' title='bbox 1489 1835 1509 1870; x_wconf 94' lang='lat'>,</span> <span class='ocrx_word' id='word_1_151' title='bbox 1559 1783 1840 1869; x_wconf 86' lang='lat' dir='ltr'>Gloria,</span> <span class='ocrx_word' id='word_1_152' title='bbox 1875 1789 1938 1852; x_wconf 88' lang='lat'>&amp;</span> <span class='ocrx_word' id='word_1_153' title='bbox 1972 1775 2238 1851; x_wconf 90' lang='lat' dir='ltr'>Invidia</span> 
     </span>
     <span class='ocr_line' id='line_1_19' title="bbox 226 1868 2241 1964; baseline -0.004 -19"><span class='ocrx_word' id='word_1_154' title='bbox 226 1873 390 1962; x_wconf 88' lang='lat' dir='ltr'>ipsa,</span> <span class='ocrx_word' id='word_1_155' title='bbox 414 1878 549 1964; x_wconf 87' lang='lat' dir='ltr'>jam</span> <span class='ocrx_word' id='word_1_156' title='bbox 573 1902 708 1946; x_wconf 92' lang='lat' dir='ltr'>non</span> <span class='ocrx_word' id='word_1_157' title='bbox 733 1876 1009 1962; x_wconf 89' lang='lat' dir='ltr'>amplius</span> <span class='ocrx_word' id='word_1_158' title='bbox 1041 1875 1266 1945; x_wconf 89' lang='lat' dir='ltr'>invida</span> <span class='ocrx_word' id='word_1_159' title='bbox 1300 1872 1604 1945; x_wconf 87' lang='lat' dir='ltr'>famulari</span> <span class='ocrx_word' id='word_1_160' title='bbox 1625 1869 2125 1961; x_wconf 86' lang='lat' dir='ltr'>quodammodo</span> <span class='ocrx_word' id='word_1_161' title='bbox 2144 1868 2241 1938; x_wconf 88' lang='lat' dir='ltr'>vi-</span> 
     </span>
     <span class='ocr_line' id='line_1_20' title="bbox 225 1958 2238 2053; baseline -0.003 -17"><span class='ocrx_word' id='word_1_162' title='bbox 225 1965 289 2036; x_wconf 72' lang='lat' dir='ltr'>{a</span> <span class='ocrx_word' id='word_1_163' title='bbox 319 1966 448 2053; x_wconf 89' lang='lat' dir='ltr'>est,</span> <span class='ocrx_word' id='word_1_164' title='bbox 483 1970 636 2038; x_wconf 85' lang='lat' dir='ltr'>&amp;in</span> <span class='ocrx_word' id='word_1_165' title='bbox 682 1965 807 2036; x_wconf 84' lang='lat' dir='ltr'>hae</span> <span class='ocrx_word' id='word_1_166' title='bbox 846 1967 1159 2034; x_wconf 83' lang='lat' dir='ltr'>novimus</span> <span class='ocrx_word' id='word_1_167' title='bbox 1196 1966 1366 2027; x_wconf 78' lang='lat' dir='ltr'>mira</span> <span class='ocrx_word' id='word_1_168' title='bbox 1411 1966 1716 2033; x_wconf 87' lang='lat' dir='ltr'>omnium</span> <span class='ocrx_word' id='word_1_169' title='bbox 1750 1963 1886 2049; x_wconf 92' lang='lat' dir='ltr'>(ne</span> <span class='ocrx_word' id='word_1_170' title='bbox 1927 1985 2061 2031; x_wconf 93' lang='lat' dir='ltr'>uno</span> <span class='ocrx_word' id='word_1_171' title='bbox 2099 1958 2238 2044; x_wconf 85' lang='lat' dir='ltr'>qui-</span> 
     </span>
     <span class='ocr_line' id='line_1_21' title="bbox 223 2045 2240 2139; baseline -0.005 -15"><span class='ocrx_word' id='word_1_172' title='bbox 223 2057 381 2125; x_wconf 92' lang='lat' dir='ltr'>dem</span> <span class='ocrx_word' id='word_1_173' title='bbox 405 2106 426 2139; x_wconf 92' lang='lat'>,</span> <span class='ocrx_word' id='word_1_174' title='bbox 447 2077 562 2124; x_wconf 89' lang='lat' dir='ltr'>aut</span> <span class='ocrx_word' id='word_1_175' title='bbox 582 2056 798 2121; x_wconf 84' lang='lat' dir='ltr'>altero</span> <span class='ocrx_word' id='word_1_176' title='bbox 819 2045 1147 2134; x_wconf 75' lang='lat' dir='ltr'>excepto)</span> <span class='ocrx_word' id='word_1_177' title='bbox 1184 2046 1668 2117; x_wconf 85' lang='lat' dir='ltr'>acclamatione</span> <span class='ocrx_word' id='word_1_178' title='bbox 1690 2056 1754 2118; x_wconf 86' lang='lat'>&amp;</span> <span class='ocrx_word' id='word_1_179' title='bbox 1770 2049 1993 2133; x_wconf 90' lang='lat' dir='ltr'>plausu</span> <span class='ocrx_word' id='word_1_180' title='bbox 2015 2050 2240 2117; x_wconf 87' lang='lat' dir='ltr'>trium-</span> 
     </span>
     <span class='ocr_line' id='line_1_22' title="bbox 222 2133 2240 2235; baseline -0.005 -22"><span class='ocrx_word' id='word_1_181' title='bbox 222 2139 441 2235; x_wconf 75' lang='lat' dir='ltr'>phasse</span> <span class='ocrx_word' id='word_1_182' title='bbox 475 2145 834 2210; x_wconf 87' lang='lat' dir='ltr'>virtutem.</span> <span class='ocrx_word' id='word_1_183' title='bbox 871 2136 1081 2226; x_wconf 87' lang='lat' dir='ltr'>Qod</span> <span class='ocrx_word' id='word_1_184' title='bbox 1114 2162 1198 2204; x_wconf 89' lang='lat' dir='ltr'>ne</span> <span class='ocrx_word' id='word_1_185' title='bbox 1231 2133 1769 2224; x_wconf 86' lang='lat' dir='ltr'>magnificentius</span> <span class='ocrx_word' id='word_1_186' title='bbox 1807 2162 1844 2207; x_wconf 90' lang='lat' dir='ltr'>a</span> <span class='ocrx_word' id='word_1_187' title='bbox 1867 2163 2010 2225; x_wconf 87' lang='lat' dir='ltr'>me,</span> <span class='ocrx_word' id='word_1_188' title='bbox 2041 2159 2240 2223; x_wconf 80' lang='lat' dir='ltr'>quam</span> 
     </span>
     <span class='ocr_line' id='line_1_23' title="bbox 227 2224 2240 2314; baseline -0.005 -11"><span class='ocrx_word' id='word_1_189' title='bbox 227 2233 456 2303; x_wconf 87' lang='lat' dir='ltr'>verius</span> <span class='ocrx_word' id='word_1_190' title='bbox 506 2228 753 2298; x_wconf 62' lang='lat' dir='ltr'>diEtum</span> <span class='ocrx_word' id='word_1_191' title='bbox 805 2224 936 2294; x_wconf 82' lang='lat' dir='ltr'>esse</span> <span class='ocrx_word' id='word_1_192' title='bbox 990 2225 1293 2295; x_wconf 87' lang='lat' dir='ltr'>videatur</span> <span class='ocrx_word' id='word_1_193' title='bbox 1333 2278 1353 2314; x_wconf 96' lang='lat'>,</span> <span class='ocrx_word' id='word_1_194' title='bbox 1402 2246 1724 2297; x_wconf 88' lang='lat' dir='ltr'>revocate</span> <span class='ocrx_word' id='word_1_195' title='bbox 1772 2229 1839 2295; x_wconf 90' lang='lat' dir='ltr'>in</span> <span class='ocrx_word' id='word_1_196' title='bbox 1887 2247 2182 2296; x_wconf 82' lang='lat' dir='ltr'>mentem</span> <span class='ocrx_word' id='word_1_197' title='bbox 2219 2273 2240 2310; x_wconf 93' lang='lat'>,</span> 
     </span>
     <span class='ocr_line' id='line_1_24' title="bbox 225 2316 2242 2403; baseline -0.005 -11"><span class='ocrx_word' id='word_1_198' title='bbox 225 2317 1676 2403; x_wconf 76' lang='lat' dir='ltr'>AMPL1SS1M1CARD1NALES,Cumeos</span> <span class='ocrx_word' id='word_1_199' title='bbox 1703 2317 1980 2403; x_wconf 84' lang='lat' dir='ltr'>dieS,in</span> <span class='ocrx_word' id='word_1_200' title='bbox 2006 2316 2242 2401; x_wconf 85' lang='lat' dir='ltr'>quibus</span> 
     </span>
     <span class='ocr_line' id='line_1_25' title="bbox 226 2403 2239 2488; baseline -0.004 -11"><span class='ocrx_word' id='word_1_201' title='bbox 226 2409 570 2484; x_wconf 77' lang='lat' dir='ltr'>MARIA</span> <span class='ocrx_word' id='word_1_202' title='bbox 636 2403 1332 2478; x_wconf 81' lang='lat' dir='ltr'>CLEMENTINA</span> <span class='ocrx_word' id='word_1_203' title='bbox 1397 2404 1736 2476; x_wconf 79' lang='lat' dir='ltr'>nobiscum</span> <span class='ocrx_word' id='word_1_204' title='bbox 1798 2403 2179 2477; x_wconf 85' lang='lat' dir='ltr'>versabatur</span> <span class='ocrx_word' id='word_1_205' title='bbox 2219 2451 2239 2488; x_wconf 91' lang='lat'>,</span> 
     </span>
     <span class='ocr_line' id='line_1_26' title="bbox 225 2494 2238 2585; baseline -0.006 -15"><span class='ocrx_word' id='word_1_206' title='bbox 225 2520 375 2571; x_wconf 90' lang='lat' dir='ltr'>tum</span> <span class='ocrx_word' id='word_1_207' title='bbox 410 2521 675 2585; x_wconf 88' lang='lat' dir='ltr'>quoque</span> <span class='ocrx_word' id='word_1_208' title='bbox 716 2494 903 2580; x_wconf 84' lang='lat' dir='ltr'>illos,</span> <span class='ocrx_word' id='word_1_209' title='bbox 950 2497 1019 2564; x_wconf 88' lang='lat' dir='ltr'>in</span> <span class='ocrx_word' id='word_1_210' title='bbox 1060 2495 1296 2580; x_wconf 88' lang='lat' dir='ltr'>quibus</span> <span class='ocrx_word' id='word_1_211' title='bbox 1344 2495 1801 2581; x_wconf 84' lang='lat' dir='ltr'>acerbiffimo,</span> <span class='ocrx_word' id='word_1_212' title='bbox 1849 2496 2238 2578; x_wconf 87' lang='lat' dir='ltr'>diutinoque</span> 
     </span>
     <span class='ocr_line' id='line_1_27' title="bbox 226 2582 2238 2672; baseline -0.006 -12"><span class='ocrx_word' id='word_1_213' title='bbox 226 2587 471 2660; x_wconf 89' lang='lat' dir='ltr'>morbo</span> <span class='ocrx_word' id='word_1_214' title='bbox 503 2605 808 2670; x_wconf 90' lang='lat' dir='ltr'>correpta</span> <span class='ocrx_word' id='word_1_215' title='bbox 836 2583 965 2671; x_wconf 90' lang='lat' dir='ltr'>est,</span> <span class='ocrx_word' id='word_1_216' title='bbox 989 2587 1138 2656; x_wconf 82' lang='lat' dir='ltr'>&amp;in</span> <span class='ocrx_word' id='word_1_217' title='bbox 1173 2586 1443 2672; x_wconf 88' lang='lat' dir='ltr'>quibus,</span> <span class='ocrx_word' id='word_1_218' title='bbox 1467 2603 1727 2653; x_wconf 91' lang='lat' dir='ltr'>matura</span> <span class='ocrx_word' id='word_1_219' title='bbox 1763 2589 1899 2668; x_wconf 88' lang='lat' dir='ltr'>jam</span> <span class='ocrx_word' id='word_1_220' title='bbox 1935 2582 2128 2654; x_wconf 82' lang='lat' dir='ltr'>Caelo</span> <span class='ocrx_word' id='word_1_221' title='bbox 2155 2606 2238 2647; x_wconf 86' lang='lat' dir='ltr'>ex</span> 
     </span>
     <span class='ocr_line' id='line_1_28' title="bbox 229 2672 2239 2759; baseline -0.007 -7"><span class='ocrx_word' id='word_1_222' title='bbox 229 2680 362 2752; x_wconf 88' lang='lat' dir='ltr'>hoc</span> <span class='ocrx_word' id='word_1_223' title='bbox 407 2677 841 2748; x_wconf 88' lang='lat' dir='ltr'>mortalitatis</span> <span class='ocrx_word' id='word_1_224' title='bbox 881 2674 1146 2744; x_wconf 88' lang='lat' dir='ltr'>theatro</span> <span class='ocrx_word' id='word_1_225' title='bbox 1195 2676 1263 2744; x_wconf 90' lang='lat' dir='ltr'>in</span> <span class='ocrx_word' id='word_1_226' title='bbox 1310 2676 1751 2745; x_wconf 62' lang='lat' dir='ltr'>aeternitatem</span> <span class='ocrx_word' id='word_1_227' title='bbox 1801 2672 2239 2759; x_wconf 81' lang='lat' dir='ltr'>demigravit.</span> 
     </span>
     <span class='ocr_line' id='line_1_29' title="bbox 230 2762 2294 2852; baseline -0.004 -9"><span class='ocrx_word' id='word_1_228' title='bbox 230 2768 764 2843; x_wconf 90' lang='lat' dir='ltr'>Gratulabamur</span> <span class='ocrx_word' id='word_1_229' title='bbox 793 2765 1028 2835; x_wconf 87' lang='lat' dir='ltr'>nostris</span> <span class='ocrx_word' id='word_1_230' title='bbox 1057 2766 1471 2852; x_wconf 87' lang='lat' dir='ltr'>temporibus</span> <span class='ocrx_word' id='word_1_231' title='bbox 1496 2762 1626 2833; x_wconf 84' lang='lat' dir='ltr'>esse</span> <span class='ocrx_word' id='word_1_232' title='bbox 1663 2766 1730 2832; x_wconf 91' lang='lat' dir='ltr'>in</span> <span class='ocrx_word' id='word_1_233' title='bbox 1751 2762 1874 2833; x_wconf 84' lang='lat' dir='ltr'>hae</span> <span class='ocrx_word' id='word_1_234' title='bbox 1899 2764 2085 2833; x_wconf 83' lang='lat' dir='ltr'>Urbe</span> <span class='ocrx_word' id='word_1_235' title='bbox 2105 2762 2239 2832; x_wconf 77' lang='lat' dir='ltr'>Re·</span> <span class='ocrx_word' id='word_1_236' title='bbox 2283 2822 2294 2835; x_wconf 30' lang='grc' dir='ltr'>χ</span> 
     </span>
     <span class='ocr_line' id='line_1_30' title="bbox 236 2851 2237 2945; baseline -0.004 -18"><span class='ocrx_word' id='word_1_237' title='bbox 236 2862 461 2945; x_wconf 85' lang='lat' dir='ltr'>ginam</span> <span class='ocrx_word' id='word_1_238' title='bbox 485 2908 506 2945; x_wconf 95' lang='lat'>,</span> <span class='ocrx_word' id='word_1_239' title='bbox 555 2860 881 2926; x_wconf 91' lang='lat' dir='ltr'>virtutum</span> <span class='ocrx_word' id='word_1_240' title='bbox 913 2858 1214 2926; x_wconf 90' lang='lat' dir='ltr'>omnium</span> <span class='ocrx_word' id='word_1_241' title='bbox 1250 2851 1676 2926; x_wconf 84' lang='lat' dir='ltr'>consenfione</span> <span class='ocrx_word' id='word_1_242' title='bbox 1713 2851 2108 2940; x_wconf 83' lang='lat' dir='ltr'>fingularem</span> <span class='ocrx_word' id='word_1_243' title='bbox 2143 2872 2237 2919; x_wconf 92' lang='lat' dir='ltr'>at-</span> 
     </span>
     <span class='ocr_line' id='line_1_31' title="bbox 237 2943 2241 3034; baseline -0.003 -18"><span class='ocrx_word' id='word_1_244' title='bbox 237 2972 367 3032; x_wconf 87' lang='lat' dir='ltr'>que</span> <span class='ocrx_word' id='word_1_245' title='bbox 401 2945 898 3032; x_wconf 80' lang='lat' dir='ltr'>admirabilem3</span> <span class='ocrx_word' id='word_1_246' title='bbox 930 2967 1134 3034; x_wconf 88' lang='lat' dir='ltr'>utque</span> <span class='ocrx_word' id='word_1_247' title='bbox 1167 2944 1486 3031; x_wconf 85' lang='lat' dir='ltr'>gaudium</span> <span class='ocrx_word' id='word_1_248' title='bbox 1520 2944 1815 3013; x_wconf 89' lang='lat' dir='ltr'>nostrum</span> <span class='ocrx_word' id='word_1_249' title='bbox 1849 2968 2000 3012; x_wconf 90' lang='lat' dir='ltr'>cum</span> <span class='ocrx_word' id='word_1_250' title='bbox 2030 2943 2241 3011; x_wconf 82' lang='lat' dir='ltr'>incre-</span> 
     </span>
     <span class='ocr_line' id='line_1_32' title="bbox 237 3031 2241 3124; baseline -0.003 -19"><span class='ocrx_word' id='word_1_251' title='bbox 237 3035 427 3105; x_wconf 92' lang='lat' dir='ltr'>dibili</span> <span class='ocrx_word' id='word_1_252' title='bbox 459 3035 927 3106; x_wconf 88' lang='lat' dir='ltr'>benevolentia</span> <span class='ocrx_word' id='word_1_253' title='bbox 965 3034 1394 3124; x_wconf 61' lang='lat' dir='ltr'>conjunfilum</span> <span class='ocrx_word' id='word_1_254' title='bbox 1416 3032 1628 3119; x_wconf 89' lang='lat' dir='ltr'>palam</span> <span class='ocrx_word' id='word_1_255' title='bbox 1663 3032 2025 3103; x_wconf 89' lang='lat' dir='ltr'>identidem</span> <span class='ocrx_word' id='word_1_256' title='bbox 2047 3031 2241 3101; x_wconf 90' lang='lat' dir='ltr'>testa-</span> 
     </span>
     <span class='ocr_line' id='line_1_33' title="bbox 235 3119 2242 3213; baseline -0.004 -19"><span class='ocrx_word' id='word_1_257' title='bbox 235 3149 503 3208; x_wconf 90' lang='lat' dir='ltr'>remur,</span> <span class='ocrx_word' id='word_1_258' title='bbox 541 3124 886 3195; x_wconf 88' lang='lat' dir='ltr'>aderamus</span> <span class='ocrx_word' id='word_1_259' title='bbox 917 3124 1293 3213; x_wconf 77' lang='lat' dir='ltr'>frequentes</span> <span class='ocrx_word' id='word_1_260' title='bbox 1328 3148 1464 3192; x_wconf 92' lang='lat' dir='ltr'>non</span> <span class='ocrx_word' id='word_1_261' title='bbox 1493 3148 1681 3211; x_wconf 87' lang='lat' dir='ltr'>raro,</span> <span class='ocrx_word' id='word_1_262' title='bbox 1718 3148 1866 3191; x_wconf 87' lang='lat' dir='ltr'>cum</span> <span class='ocrx_word' id='word_1_263' title='bbox 1896 3121 2101 3191; x_wconf 90' lang='lat' dir='ltr'>domo</span> <span class='ocrx_word' id='word_1_264' title='bbox 2131 3119 2242 3188; x_wconf 89' lang='lat' dir='ltr'>illa</span> 
     </span>
     <span class='ocr_line' id='line_1_34' title="bbox 238 3209 2240 3302; baseline -0.003 -20"><span class='ocrx_word' id='word_1_265' title='bbox 238 3238 374 3283; x_wconf 91' lang='lat' dir='ltr'>non</span> <span class='ocrx_word' id='word_1_266' title='bbox 418 3212 545 3283; x_wconf 91' lang='lat' dir='ltr'>alia</span> <span class='ocrx_word' id='word_1_267' title='bbox 577 3213 660 3282; x_wconf 92' lang='lat' dir='ltr'>de</span> <span class='ocrx_word' id='word_1_268' title='bbox 691 3213 879 3285; x_wconf 88' lang='lat' dir='ltr'>causa</span> <span class='ocrx_word' id='word_1_269' title='bbox 913 3216 1257 3302; x_wconf 89' lang='lat' dir='ltr'>prodibat,</span> <span class='ocrx_word' id='word_1_270' title='bbox 1297 3211 1415 3282; x_wconf 86' lang='lat' dir='ltr'>nifi</span> <span class='ocrx_word' id='word_1_271' title='bbox 1452 3233 1525 3282; x_wconf 93' lang='lat' dir='ltr'>ut</span> <span class='ocrx_word' id='word_1_272' title='bbox 1550 3213 1660 3283; x_wconf 90' lang='lat' dir='ltr'>vel</span> <span class='ocrx_word' id='word_1_273' title='bbox 1703 3212 1910 3281; x_wconf 88' lang='lat' dir='ltr'>sacras</span> <span class='ocrx_word' id='word_1_274' title='bbox 1949 3209 2117 3278; x_wconf 82' lang='lat' dir='ltr'>aedes</span> <span class='ocrx_word' id='word_1_275' title='bbox 2148 3210 2240 3276; x_wconf 89' lang='lat' dir='ltr'>in-</span> 
     </span>
     <span class='ocr_line' id='line_1_35' title="bbox 242 3293 2237 3390; baseline -0.002 -21"><span class='ocrx_word' id='word_1_276' title='bbox 242 3302 520 3390; x_wconf 88' lang='lat' dir='ltr'>viseret,</span> <span class='ocrx_word' id='word_1_277' title='bbox 554 3303 665 3374; x_wconf 88' lang='lat' dir='ltr'>vel</span> <span class='ocrx_word' id='word_1_278' title='bbox 694 3306 1166 3389; x_wconf 64' lang='lat' dir='ltr'>aegrotantibus</span> <span class='ocrx_word' id='word_1_279' title='bbox 1205 3328 1286 3374; x_wconf 92' lang='lat' dir='ltr'>ea</span> <span class='ocrx_word' id='word_1_280' title='bbox 1305 3305 1762 3389; x_wconf 87' lang='lat' dir='ltr'>impertiretur</span> <span class='ocrx_word' id='word_1_281' title='bbox 1785 3300 2118 3370; x_wconf 85' lang='lat' dir='ltr'>charitatis</span> <span class='ocrx_word' id='word_1_282' title='bbox 2139 3293 2237 3366; x_wconf 86' lang='lat' dir='ltr'>of-</span> 
     </span>
    </p>
   </div>
   <div class='ocr_carea' id='block_1_3' title="bbox 239 3386 2240 3549">
    <p class='ocr_par' dir='ltr' id='par_1_4' title="bbox 239 3386 2240 3549">
     <span class='ocr_line' id='line_1_36' title="bbox 239 3386 2240 3546; baseline -0.001 -85"><span class='ocrx_word' id='word_1_283' title='bbox 239 3387 433 3479; x_wconf 87' lang='lat' dir='ltr'>ficia,</span> <span class='ocrx_word' id='word_1_284' title='bbox 463 3420 604 3481; x_wconf 82' lang='lat' dir='ltr'>quae</span> <span class='ocrx_word' id='word_1_285' title='bbox 646 3396 876 3464; x_wconf 87' lang='lat' dir='ltr'>matris</span> <span class='ocrx_word' id='word_1_286' title='bbox 916 3394 1047 3466; x_wconf 85' lang='lat' dir='ltr'>effe</span> <span class='ocrx_word' id='word_1_287' title='bbox 1086 3396 1349 3484; x_wconf 79' lang='lat' dir='ltr'>potiUS,</span> <span class='ocrx_word' id='word_1_288' title='bbox 1393 3418 1588 3481; x_wconf 89' lang='lat' dir='ltr'>quam</span> <span class='ocrx_word' id='word_1_289' title='bbox 1624 3391 1907 3481; x_wconf 57' lang='lat' dir='ltr'>augustae</span> <span class='ocrx_word' id='word_1_290' title='bbox 1950 3386 2240 3546; x_wconf 56' lang='lat' dir='ltr'>foegiinae</span> 
     </span>
     <span class='ocr_line' id='line_1_37' title="bbox 1966 3504 2152 3549; baseline -0.005 -1"><span class='ocrx_word' id='word_1_291' title='bbox 1966 3504 2034 3549; x_wconf 75' lang='lat' dir='ltr'>vi</span> <span class='ocrx_word' id='word_1_292' title='bbox 2085 3504 2152 3548; x_wconf 91' lang='lat' dir='ltr'>e-</span> 
     </span>
    </p>
   </div>
   <div class='ocr_carea' id='block_1_4' title="bbox 2384 21 2392 2184">
    <p class='ocr_par' dir='ltr' id='par_1_5' title="bbox 2384 21 2392 2184">
     <span class='ocr_line' id='line_1_38' title="bbox 2384 21 2392 2184; baseline 0 0"><span class='ocrx_word' id='word_1_293' title='bbox 2384 21 2392 2184; x_wconf 95' lang='lat' dir='ltr'> </span> 
     </span>
    </p>
   </div>
  </div>
 </body>
</html>
