2392 3830
131 267 196 329 &
219 260 517 328 maxima
538 258 605 325 in
627 281 850 328 rerum
898 259 1201 329 omnium
1223 282 1469 345 genere
1496 256 1629 327 visa
1664 257 1787 327 fint
1808 310 1827 344 ,
1865 287 2000 331 non
2025 201 2156 335 Sbisi

130 353 499 420 maximum
539 349 606 418 in
645 347 842 418 rebus
875 347 1187 416 omnibus
1213 355 1273 422 &
1324 346 1911 438 praestantiffimum
1954 353 2159 425 confi-

129 440 401 509 deratur
424 494 438 508 .
471 439 618 508 Hic
647 458 842 522 prout
876 441 946 506 in
980 438 1270 509 Oceano
1313 463 1446 507 non
1493 437 1696 506 {olum
1725 464 1962 526 magna
1986 494 2005 528 ,
2048 444 2156 514 sed

128 532 423 600 maxima
453 531 700 616 quaevis
744 528 1021 598 flumina
1058 523 1559 604 confunduntur
1581 580 1600 617 ,
1638 555 2017 615 nomenque
2042 536 2156 604 de-

127 619 457 707 perdunt3
500 620 606 691 hic
639 622 754 695 vix
791 617 1002 694 infans
1024 670 1044 705 ,
1083 617 1576 688 actenuisfima:
1610 619 1791 689 stella
1822 623 2158 706 magnitu-

127 709 295 780 dinis
330 708 830 796 quodammodo
854 709 1237 798 reputatur,
1280 706 1562 800 quisquis
1603 710 1757 779 alibi
1787 710 1993 783 veluti
2021 711 2154 801 sol,

125 800 546 886 &quoddam
582 801 847 870 virtutis
883 800 1146 871 culmen
1184 799 1502 886 habetur3
1546 798 1655 870 hic
1677 800 1964 888 denique
1987 827 2022 873 a
2047 829 2156 874 ne-

126 893 309 960 mine
367 890 728 976 improbari
766 893 1139 965 inauditum
1171 943 1190 978 ,
1248 890 1509 977 placere
1551 892 1847 978 pluribus
1893 891 2153 966 Jnufita-

126 1001 267 1052 tum
302 1034 322 1069 ‚
363 980 613 1050 laudari.
654 982 733 1051 ab
774 982 1087 1052 omnibus
1124 981 1428 1051 divinum
1468 981 1558 1052 est
1593 1037 1605 1050 .
1655 981 1749 1051 Et
1776 983 1903 1054 erit
1945 984 2155 1070 igitur

124 1069 462 1159 quisquam
488 1123 508 1158 ,
550 1071 657 1155 qui
683 1092 932 1143 tantam
961 1072 1131 1141 hanc
1153 1074 1451 1141 omnium
1479 1072 1760 1145 omnino
1785 1075 1846 1146 in
1873 1070 1997 1148 hac
2029 1076 2153 1148 Ur.

122 1161 205 1231 be
255 1162 336 1230 de
388 1162 764 1232 MARIAE
817 1162 1556 1237 CLEMENTINAE
1620 1158 1956 1236 sanffitatc
1997 1189 2154 1233 con-

121 1249 485 1322 sensionem
521 1250 741 1323 nescio
778 1254 933 1339 quid
959 1251 1291 1339 plusquam
1334 1249 1619 1322 mortale
1661 1276 1794 1319 non
1820 1248 2151 1323 lateatur?

120 1341 313 1410 Unde
356 1344 422 1411 in
463 1343 781 1412 omnibus
818 1340 1028 1418 subita
1070 1344 1181 1410 illa
1221 1350 1282 1412 &
1321 1339 1583 1413 insolita
1624 1341 1841 1417 cordis
1885 1345 2152 1413 motio?

120 1431 313 1500 Unde
351 1431 447 1500 illi
489 1435 860 1503 teneriores
885 1434 1086 1508 anini
1121 1431 1331 1503 sensus
1367 1447 1393 1503 ?
1446 1430 1635 1501 Unde
1677 1429 1991 1500 cadentes
2026 1432 2152 1506 illae

118 1546 203 1590 ex
238 1521 600 1612 improviso
632 1524 989 1608 lacrymae?
1030 1524 1230 1599 Unde
1255 1525 1421 1599 tanti
1444 1520 1538 1591 illi
1569 1522 1650 1596 ad
1684 1523 2004 1609 pietatem
2047 1521 2151 1591 sti-

115 1614 322 1699 muli,
359 1619 418 1682 ἃ
443 1632 630 1683 tanta
653 1615 1011 1692 criminum
1031 1614 1427 1699 detestatio,
1464 1637 1663 1697 quam
1702 1610 1785 1681 ad
1825 1612 2152 1681 intuitum

114 1704 256 1785 ejus
297 1705 592 1790 corporis
632 1757 652 1792 ‚
715 1707 781 1774 in
821 1701 884 1779 se
926 1703 1197 1793 quisque
1238 1703 1623 1781 sentiebat?
1676 1704 1850 1777 Haec
1891 1699 2152 1775 nonnifi

115 1789 435 1863 divinitus
469 1799 865 1886 contingere
899 1794 1182 1883 potuiffe
1217 1819 1420 1864 nemo
1455 1819 1587 1863 non
1629 1792 1848 1867 videt:
1885 1813 1956 1862 ut
1988 1794 2151 1860 ami-

113 1883 172 1947 ci
209 1887 384 1953 enim
411 1935 431 1969 .,
464 1893 526 1955 &
563 1889 823 1958 inimici
863 1890 1132 1974 virtut&
1163 1886 1246 1941 dc
1290 1885 1663 1973 admirabili
1713 1885 1795 1954 M
1819 1881 2149 1959 ARIAE

112 1960 856 2041 CLEMENTINAE
908 1978 1157 2044 pietate
1200 1983 1435 2027 omnes
1490 1965 1671 2028 ldem
1728 1971 2153 2045 sentirent&

114 2059 550 2150 praedicarent
577 2105 597 2140 ,
631 2050 700 2122 id
724 2047 931 2120 solum
956 2049 1039 2121 ab
1078 2045 1197 2116 illo
1217 2046 1393 2116 effici
1413 2049 1635 2133 potuit
1657 2099 1678 2132 ,
1717 2054 1871 2134 qui,
1905 2072 1982 2122 ut
2006 2061 2152 2124 Au-³

111 2149 351 2240 gustini
382 2165 528 2212 utar
560 2142 820 2227 verbiS,
859 2136 1399 2207 inclinandorum
1436 2135 1641 2206 habet
1666 2138 1976 2217 cordium
2009 2169 2152 2220 om„

113 2233 711 2325 nipotentiffimam
751 2231 1149 2318 potestatem
1172 2285 1188 2304 .,

293 2326 468 2395 Haec
503 2345 732 2397 autem
772 2318 904 2409 ipsa
938 2347 1074 2393 non
1114 2318 1376 2407 populi,
1413 2317 1521 2390 sed
1556 2318 1702 2390 Dei
1736 2319 1929 2408 ipsius
1967 2349 2147 2417 voX‚

116 2444 192 2487 ac
247 2415 704 2486 testimonium
757 2465 778 2499 ,
856 2437 1081 2481 nonne
1123 2409 1272 2479 satis
1311 2459 1332 2495 ,
1406 2407 1726 2497 superque
1787 2411 2085 2485 declarat
2122 2468 2144 2505 ,

114 2506 543 2578 MARIAM
593 2499 1386 2577 CLEMENTINAM
1434 2502 1502 2569 in
1541 2502 1729 2570 omni
1770 2501 2144 2578 christiana„

112 2623 261 2666 rum
287 2598 612 2665 virtutum
635 2620 882 2682 genere
905 2592 1252 2665 heroicum
1278 2639 1298 2676 ,
1320 2614 1518 2675 quem
1541 2591 1774 2659 dicunt
1798 2642 1818 2677 ,
1854 2594 2140 2680 gradum

114 2714 248 2756 non
281 2682 570 2772 attigisse
605 2684 812 2754 modo
834 2733 855 2771 ,
890 2681 1001 2752 sed
1031 2681 1516 2768 propemodum
1552 2677 1920 2765 superasse?
1957 2684 2138 2770 Inju-

116 2780 212 2846 ria
251 2772 486 2859 fieret,
535 2774 1046 2844 EMINENTISSJMI
1090 2771 1476 2854 ΡκιΝοτΡεε,
1527 2767 1783 2840 sublimi
1808 2768 2136 2857 sapientiae

116 2865 386 2951 vestrae,
430 2887 506 2932 ac
546 2882 743 2932 tantae
780 2861 1061 2953 Reginae
1104 2860 1459 2931 virtutibus
1494 2913 1513 2947 ,
1572 2857 1618 2933 sl
1662 2858 1942 2950 singulas
1984 2887 2134 2934 ora-

117 2957 306 3024 tione
331 2952 624 3039 persequi
662 2953 940 3024 vellem.
985 2953 1160 3023 Satis
1183 2955 1360 3022 enim
1387 2948 1589 3023 causae
1614 2953 2016 3039 magnitudo
2036 2953 2134 3029 di-

114 3041 453 3132 gnoscitur
493 3069 581 3113 ex
622 3042 1052 3130 amplitudine
1093 3067 1327 3114 eorum
1354 3093 1373 3129 ,
1414 3068 1556 3129 quae
1598 3041 2133 3132 consequuntur:

114 3136 263 3205 satis
288 3134 544 3205 constat
566 3161 654 3205 ex
678 3156 811 3205 tam
851 3135 1225 3205 incredibili
1249 3135 1551 3205 omnium
1589 3135 1658 3208 in
1680 3132 1805 3210 hac
1832 3134 2011 3207 Urbe
2043 3133 2132 3205 de

114 3223 305 3311 ipsius
346 3222 679 3297 sanffitate
720 3223 1072 3312 consensit,
1108 3232 1172 3297 &
1213 3223 1722 3313 praedicatione,
1765 3226 2127 3311 pietatem,

115 3339 193 3384 ac
216 3314 598 3401 Religionis
632 3316 882 3387 cultum
907 3367 927 3404 ‚
965 3316 1238 3404 juvandi
1281 3317 1567 3401 proximi
1600 3314 1884 3386 studium
1909 3364 1930 3405 ‚
1966 3337 2127 3381 con-

116 3405 418 3475 stantiam
441 3406 509 3474 in
530 3405 816 3479 adversis
835 3458 857 3496 ,
892 3408 1456 3495 aequanimitatem
1485 3408 1552 3478 in
1572 3403 1897 3562 prosperi?
1916 3453 1937 3490 ‚
1969 3403 2124 3472 vitae

1884 3514 2037 3563 eve-
