<?xml version="1.0" encoding="UTF-8"?>
<!DOCTYPE html PUBLIC "-//W3C//DTD XHTML 1.0 Transitional//EN"
    "http://www.w3.org/TR/xhtml1/DTD/xhtml1-transitional.dtd">
<html xmlns="http://www.w3.org/1999/xhtml" xml:lang="en" lang="en">
 <head>
  <title>
</title>
<meta http-equiv="Content-Type" content="text/html;charset=utf-8" />
  <meta name='ocr-system' content='tesseract 3.04.00' />
  <meta name='ocr-capabilities' content='ocr_page ocr_carea ocr_par ocr_line ocrx_word'/>
</head>
<body>
  <div class='ocr_page' id='page_1' title='image "./parentaliainanni00azon_0016.png"; bbox 0 0 2392 3830; ppageno 0'>
   <div class='ocr_carea' id='block_1_1' title="bbox 95 311 2145 1937">
    <p class='ocr_par' dir='ltr' id='par_1_1' title="bbox 95 311 2145 1937">
     <span class='ocr_line' id='line_1_1' title="bbox 99 311 2144 401; baseline 0.001 -18"><span class='ocrx_word' id='word_1_1' title='bbox 99 311 491 399; x_wconf 91' lang='lat' dir='ltr'>multiplicis</span> <span class='ocrx_word' id='word_1_2' title='bbox 535 311 1009 401; x_wconf 84' lang='lat' dir='ltr'>diutissimique</span> <span class='ocrx_word' id='word_1_3' title='bbox 1035 313 1255 385; x_wconf 89' lang='lat' dir='ltr'>morbi</span> <span class='ocrx_word' id='word_1_4' title='bbox 1295 316 1436 387; x_wconf 90' lang='lat' dir='ltr'>vim</span> <span class='ocrx_word' id='word_1_5' title='bbox 1487 314 1966 386; x_wconf 77' lang='lat' dir='ltr'>acerbissimam</span> <span class='ocrx_word' id='word_1_6' title='bbox 1999 335 2144 387; x_wconf 88' lang='lat' dir='ltr'>tan-</span> 
     </span>
     <span class='ocr_line' id='line_1_2' title="bbox 102 405 2139 494; baseline 0.002 -21"><span class='ocrx_word' id='word_1_7' title='bbox 102 423 174 473; x_wconf 91' lang='lat' dir='ltr'>ta</span> <span class='ocrx_word' id='word_1_8' title='bbox 198 428 352 472; x_wconf 88' lang='lat' dir='ltr'>cum</span> <span class='ocrx_word' id='word_1_9' title='bbox 385 405 588 472; x_wconf 92' lang='lat' dir='ltr'>animi</span> <span class='ocrx_word' id='word_1_10' title='bbox 612 405 980 475; x_wconf 87' lang='lat' dir='ltr'>constantia</span> <span class='ocrx_word' id='word_1_11' title='bbox 1013 406 1427 477; x_wconf 88' lang='lat' dir='ltr'>toleraverat</span> <span class='ocrx_word' id='word_1_12' title='bbox 1447 457 1468 493; x_wconf 93' lang='lat'>,</span> <span class='ocrx_word' id='word_1_13' title='bbox 1504 426 1577 477; x_wconf 87' lang='lat' dir='ltr'>ut</span> <span class='ocrx_word' id='word_1_14' title='bbox 1603 406 1712 475; x_wconf 90' lang='lat' dir='ltr'>vel</span> <span class='ocrx_word' id='word_1_15' title='bbox 1736 405 1866 494; x_wconf 90' lang='lat' dir='ltr'>ipsa</span> <span class='ocrx_word' id='word_1_16' title='bbox 1886 406 2139 477; x_wconf 90' lang='lat' dir='ltr'>doloris</span> 
     </span>
     <span class='ocr_line' id='line_1_3' title="bbox 102 494 2142 585; baseline 0.002 -22"><span class='ocrx_word' id='word_1_17' title='bbox 102 494 473 563; x_wconf 82' lang='lat' dir='ltr'>acerbitate</span> <span class='ocrx_word' id='word_1_18' title='bbox 527 518 604 563; x_wconf 87' lang='lat' dir='ltr'>ac</span> <span class='ocrx_word' id='word_1_19' title='bbox 633 494 1075 567; x_wconf 81' lang='lat' dir='ltr'>diuturnitate</span> <span class='ocrx_word' id='word_1_20' title='bbox 1121 495 1457 568; x_wconf 81' lang='lat' dir='ltr'>laetaretur</span> <span class='ocrx_word' id='word_1_21' title='bbox 1493 525 1515 584; x_wconf 80' lang='lat'>3</span> <span class='ocrx_word' id='word_1_22' title='bbox 1549 497 1890 585; x_wconf 88' lang='lat' dir='ltr'>postquam</span> <span class='ocrx_word' id='word_1_23' title='bbox 1929 501 2142 568; x_wconf 87' lang='lat' dir='ltr'>onmi-</span> 
     </span>
     <span class='ocr_line' id='line_1_4' title="bbox 101 586 2142 675; baseline 0.002 -20"><span class='ocrx_word' id='word_1_24' title='bbox 101 586 224 655; x_wconf 91' lang='lat' dir='ltr'>bus</span> <span class='ocrx_word' id='word_1_25' title='bbox 247 608 327 653; x_wconf 88' lang='lat' dir='ltr'>ea</span> <span class='ocrx_word' id='word_1_26' title='bbox 347 587 612 671; x_wconf 87' lang='lat' dir='ltr'>pietatis</span> <span class='ocrx_word' id='word_1_27' title='bbox 648 586 954 672; x_wconf 83' lang='lat' dir='ltr'>exempla</span> <span class='ocrx_word' id='word_1_28' title='bbox 987 587 1353 675; x_wconf 81' lang='lat' dir='ltr'>tribuerat,</span> <span class='ocrx_word' id='word_1_29' title='bbox 1388 613 1530 675; x_wconf 83' lang='lat' dir='ltr'>quae</span> <span class='ocrx_word' id='word_1_30' title='bbox 1562 608 1811 657; x_wconf 83' lang='lat' dir='ltr'>naturae</span> <span class='ocrx_word' id='word_1_31' title='bbox 1840 586 2142 659; x_wconf 78' lang='lat' dir='ltr'>humanae</span> 
     </span>
     <span class='ocr_line' id='line_1_5' title="bbox 100 671 2140 766; baseline 0.001 -21"><span class='ocrx_word' id='word_1_32' title='bbox 100 677 431 745; x_wconf 85' lang='lat' dir='ltr'>terminos</span> <span class='ocrx_word' id='word_1_33' title='bbox 458 671 837 764; x_wconf 83' lang='lat' dir='ltr'>supergredi</span> <span class='ocrx_word' id='word_1_34' title='bbox 865 678 1293 765; x_wconf 79' lang='lat' dir='ltr'>viderentur3</span> <span class='ocrx_word' id='word_1_35' title='bbox 1330 679 1710 766; x_wconf 88' lang='lat' dir='ltr'>postquam,</span> <span class='ocrx_word' id='word_1_36' title='bbox 1731 702 1868 748; x_wconf 90' lang='lat' dir='ltr'>uno</span> <span class='ocrx_word' id='word_1_37' title='bbox 1888 678 2100 748; x_wconf 90' lang='lat' dir='ltr'>verbo</span> <span class='ocrx_word' id='word_1_38' title='bbox 2118 730 2140 766; x_wconf 93' lang='lat'>,</span> 
     </span>
     <span class='ocr_line' id='line_1_6' title="bbox 101 767 2139 854; baseline -0 -16"><span class='ocrx_word' id='word_1_39' title='bbox 101 768 359 838; x_wconf 92' lang='lat' dir='ltr'>bonum</span> <span class='ocrx_word' id='word_1_40' title='bbox 381 784 726 836; x_wconf 88' lang='lat' dir='ltr'>certamen</span> <span class='ocrx_word' id='word_1_41' title='bbox 762 786 1190 854; x_wconf 78' lang='lat' dir='ltr'>certaverat,</span> <span class='ocrx_word' id='word_1_42' title='bbox 1220 767 1480 838; x_wconf 89' lang='lat' dir='ltr'>cursum</span> <span class='ocrx_word' id='word_1_43' title='bbox 1521 767 2139 854; x_wconf 85' lang='lat' dir='ltr'>consummaverat,</span> 
     </span>
     <span class='ocr_line' id='line_1_7' title="bbox 100 852 2136 945; baseline -0 -17"><span class='ocrx_word' id='word_1_44' title='bbox 100 855 308 928; x_wconf 88' lang='lat' dir='ltr'>fidem</span> <span class='ocrx_word' id='word_1_45' title='bbox 331 852 754 945; x_wconf 89' lang='lat' dir='ltr'>servaverat,</span> <span class='ocrx_word' id='word_1_46' title='bbox 780 866 844 928; x_wconf 81' lang='lat'>&amp;</span> <span class='ocrx_word' id='word_1_47' title='bbox 872 855 1330 928; x_wconf 87' lang='lat' dir='ltr'>consummata</span> <span class='ocrx_word' id='word_1_48' title='bbox 1362 857 1521 929; x_wconf 92' lang='lat' dir='ltr'>licet</span> <span class='ocrx_word' id='word_1_49' title='bbox 1554 862 1623 929; x_wconf 93' lang='lat' dir='ltr'>in</span> <span class='ocrx_word' id='word_1_50' title='bbox 1654 859 1885 945; x_wconf 88' lang='lat' dir='ltr'>brevi,</span> <span class='ocrx_word' id='word_1_51' title='bbox 1924 858 2136 927; x_wconf 89' lang='lat' dir='ltr'>multa</span> 
     </span>
     <span class='ocr_line' id='line_1_8' title="bbox 100 946 2139 1036; baseline 0.001 -19"><span class='ocrx_word' id='word_1_52' title='bbox 100 967 334 1017; x_wconf 90' lang='lat' dir='ltr'>tamen</span> <span class='ocrx_word' id='word_1_53' title='bbox 366 964 674 1033; x_wconf 89' lang='lat' dir='ltr'>tempora</span> <span class='ocrx_word' id='word_1_54' title='bbox 713 947 1158 1034; x_wconf 67' lang='lat' dir='ltr'>expleverat,</span> <span class='ocrx_word' id='word_1_55' title='bbox 1207 949 1290 1017; x_wconf 89' lang='lat' dir='ltr'>ad</span> <span class='ocrx_word' id='word_1_56' title='bbox 1327 947 1679 1036; x_wconf 78' lang='lat' dir='ltr'>repositam</span> <span class='ocrx_word' id='word_1_57' title='bbox 1719 947 1836 1018; x_wconf 85' lang='lat' dir='ltr'>fibi</span> <span class='ocrx_word' id='word_1_58' title='bbox 1879 946 2139 1032; x_wconf 67' lang='lat' dir='ltr'>Iustitiae</span> 
     </span>
     <span class='ocr_line' id='line_1_9' title="bbox 101 1035 2138 1128; baseline 0.001 -23"><span class='ocrx_word' id='word_1_59' title='bbox 101 1058 428 1107; x_wconf 89' lang='lat' dir='ltr'>coronam</span> <span class='ocrx_word' id='word_1_60' title='bbox 455 1088 477 1123; x_wconf 93' lang='lat'>,</span> <span class='ocrx_word' id='word_1_61' title='bbox 523 1062 722 1124; x_wconf 90' lang='lat' dir='ltr'>quam</span> <span class='ocrx_word' id='word_1_62' title='bbox 762 1035 1134 1124; x_wconf 82' lang='lat' dir='ltr'>repromisit</span> <span class='ocrx_word' id='word_1_63' title='bbox 1176 1038 1523 1109; x_wconf 88' lang='lat' dir='ltr'>Dominus</span> <span class='ocrx_word' id='word_1_64' title='bbox 1571 1039 2002 1128; x_wconf 84' lang='lat' dir='ltr'>diligentibus</span> <span class='ocrx_word' id='word_1_65' title='bbox 2039 1037 2138 1125; x_wconf 92' lang='lat' dir='ltr'>se,</span> 
     </span>
     <span class='ocr_line' id='line_1_10' title="bbox 98 1125 2139 1216; baseline 0 -21"><span class='ocrx_word' id='word_1_66' title='bbox 98 1128 169 1195; x_wconf 88' lang='lat' dir='ltr'>in</span> <span class='ocrx_word' id='word_1_67' title='bbox 210 1125 520 1213; x_wconf 81' lang='lat' dir='ltr'>Caelum,</span> <span class='ocrx_word' id='word_1_68' title='bbox 560 1145 638 1194; x_wconf 90' lang='lat' dir='ltr'>ut</span> <span class='ocrx_word' id='word_1_69' title='bbox 669 1130 817 1211; x_wconf 84' lang='lat' dir='ltr'>jure</span> <span class='ocrx_word' id='word_1_70' title='bbox 860 1130 1245 1214; x_wconf 87' lang='lat' dir='ltr'>meritoque</span> <span class='ocrx_word' id='word_1_71' title='bbox 1292 1128 1692 1200; x_wconf 88' lang='lat' dir='ltr'>confidimus</span> <span class='ocrx_word' id='word_1_72' title='bbox 1725 1181 1745 1216; x_wconf 95' lang='lat'>,</span> <span class='ocrx_word' id='word_1_73' title='bbox 1798 1128 2139 1201; x_wconf 78' lang='lat' dir='ltr'>evolavitz</span> 
     </span>
     <span class='ocr_line' id='line_1_11' title="bbox 99 1212 2140 1306; baseline 0.002 -22"><span class='ocrx_word' id='word_1_74' title='bbox 99 1234 208 1284; x_wconf 91' lang='lat' dir='ltr'>tot</span> <span class='ocrx_word' id='word_1_75' title='bbox 243 1212 573 1299; x_wconf 88' lang='lat' dir='ltr'>tantisque</span> <span class='ocrx_word' id='word_1_76' title='bbox 606 1219 933 1288; x_wconf 88' lang='lat' dir='ltr'>comitata</span> <span class='ocrx_word' id='word_1_77' title='bbox 969 1218 1346 1288; x_wconf 86' lang='lat' dir='ltr'>virtutibus</span> <span class='ocrx_word' id='word_1_78' title='bbox 1382 1247 1402 1304; x_wconf 81' lang='lat'><em>3</em></span> <span class='ocrx_word' id='word_1_79' title='bbox 1462 1239 1537 1289; x_wconf 94' lang='lat' dir='ltr'>ut</span> <span class='ocrx_word' id='word_1_80' title='bbox 1567 1218 2140 1306; x_wconf 89' lang='lat' dir='ltr'>quemadmodum</span> 
     </span>
     <span class='ocr_line' id='line_1_12' title="bbox 99 1305 2139 1393; baseline 0.002 -20"><span class='ocrx_word' id='word_1_81' title='bbox 99 1328 250 1373; x_wconf 89' lang='lat' dir='ltr'>eam</span> <span class='ocrx_word' id='word_1_82' title='bbox 273 1327 509 1373; x_wconf 89' lang='lat' dir='ltr'>omnes</span> <span class='ocrx_word' id='word_1_83' title='bbox 556 1305 642 1374; x_wconf 88' lang='lat' dir='ltr'>ab</span> <span class='ocrx_word' id='word_1_84' title='bbox 678 1306 813 1393; x_wconf 91' lang='lat' dir='ltr'>ipso</span> <span class='ocrx_word' id='word_1_85' title='bbox 854 1309 1071 1378; x_wconf 88' lang='lat' dir='ltr'>statim</span> <span class='ocrx_word' id='word_1_86' title='bbox 1110 1309 1389 1378; x_wconf 89' lang='lat' dir='ltr'>rationis</span> <span class='ocrx_word' id='word_1_87' title='bbox 1437 1308 1734 1380; x_wconf 84' lang='lat' dir='ltr'>diluculo</span> <span class='ocrx_word' id='word_1_88' title='bbox 1773 1308 2139 1380; x_wconf 84' lang='lat' dir='ltr'>illustrave-</span> 
     </span>
     <span class='ocr_line' id='line_1_13' title="bbox 96 1396 2141 1484; baseline 0.002 -22"><span class='ocrx_word' id='word_1_89' title='bbox 96 1411 249 1462; x_wconf 86' lang='lat' dir='ltr'>rant</span> <span class='ocrx_word' id='word_1_90' title='bbox 274 1442 293 1477; x_wconf 92' lang='lat'>,</span> <span class='ocrx_word' id='word_1_91' title='bbox 334 1401 397 1463; x_wconf 78' lang='grc' dir='ltr'>δε</span> <span class='ocrx_word' id='word_1_92' title='bbox 438 1418 676 1463; x_wconf 90' lang='lat' dir='ltr'>omnes</span> <span class='ocrx_word' id='word_1_93' title='bbox 725 1396 971 1469; x_wconf 88' lang='lat' dir='ltr'>deinde</span> <span class='ocrx_word' id='word_1_94' title='bbox 1018 1401 1085 1467; x_wconf 92' lang='lat' dir='ltr'>in</span> <span class='ocrx_word' id='word_1_95' title='bbox 1132 1419 1284 1469; x_wconf 91' lang='lat' dir='ltr'>toto</span> <span class='ocrx_word' id='word_1_96' title='bbox 1325 1400 1479 1468; x_wconf 82' lang='lat' dir='ltr'>vitae</span> <span class='ocrx_word' id='word_1_97' title='bbox 1527 1398 1863 1469; x_wconf 90' lang='lat' dir='ltr'>curriculo</span> <span class='ocrx_word' id='word_1_98' title='bbox 1902 1401 2141 1484; x_wconf 89' lang='lat' dir='ltr'>majori</span> 
     </span>
     <span class='ocr_line' id='line_1_14' title="bbox 95 1481 2143 1577; baseline 0.002 -25"><span class='ocrx_word' id='word_1_99' title='bbox 95 1481 353 1566; x_wconf 85' lang='lat' dir='ltr'>semper</span> <span class='ocrx_word' id='word_1_100' title='bbox 388 1484 455 1548; x_wconf 92' lang='lat' dir='ltr'>in</span> <span class='ocrx_word' id='word_1_101' title='bbox 481 1483 624 1553; x_wconf 91' lang='lat' dir='ltr'>dies</span> <span class='ocrx_word' id='word_1_102' title='bbox 641 1484 793 1557; x_wconf 92' lang='lat' dir='ltr'>luce</span> <span class='ocrx_word' id='word_1_103' title='bbox 826 1489 909 1558; x_wconf 89' lang='lat' dir='ltr'>ad</span> <span class='ocrx_word' id='word_1_104' title='bbox 939 1486 1248 1560; x_wconf 90' lang='lat' dir='ltr'>occasum</span> <span class='ocrx_word' id='word_1_105' title='bbox 1284 1487 1485 1577; x_wconf 88' lang='lat' dir='ltr'>usque</span> <span class='ocrx_word' id='word_1_106' title='bbox 1513 1486 2029 1576; x_wconf 84' lang='lat' dir='ltr'>insigniverant,</span> <span class='ocrx_word' id='word_1_107' title='bbox 2050 1491 2143 1557; x_wconf 84' lang='lat' dir='ltr'>ita</span> 
     </span>
     <span class='ocr_line' id='line_1_15' title="bbox 96 1569 2143 1657; baseline 0.002 -15"><span class='ocrx_word' id='word_1_108' title='bbox 96 1595 336 1642; x_wconf 87' lang='lat' dir='ltr'>omnes</span> <span class='ocrx_word' id='word_1_109' title='bbox 363 1569 759 1657; x_wconf 87' lang='lat' dir='ltr'>splendidius</span> <span class='ocrx_word' id='word_1_110' title='bbox 783 1579 976 1649; x_wconf 91' lang='lat' dir='ltr'>solito</span> <span class='ocrx_word' id='word_1_111' title='bbox 1014 1582 1083 1649; x_wconf 89' lang='lat' dir='ltr'>in</span> <span class='ocrx_word' id='word_1_112' title='bbox 1111 1599 1428 1650; x_wconf 83' lang='lat' dir='ltr'>extremo</span> <span class='ocrx_word' id='word_1_113' title='bbox 1462 1579 1581 1650; x_wconf 92' lang='lat' dir='ltr'>illo</span> <span class='ocrx_word' id='word_1_114' title='bbox 1604 1582 1755 1649; x_wconf 81' lang='lat' dir='ltr'>vitae</span> <span class='ocrx_word' id='word_1_115' title='bbox 1779 1581 2143 1648; x_wconf 83' lang='lat' dir='ltr'>certamine</span> 
     </span>
     <span class='ocr_line' id='line_1_16' title="bbox 98 1661 2143 1759; baseline 0.002 -29"><span class='ocrx_word' id='word_1_116' title='bbox 98 1661 570 1757; x_wconf 88' lang='lat' dir='ltr'>decumbentis</span> <span class='ocrx_word' id='word_1_117' title='bbox 613 1665 786 1738; x_wconf 69' lang='lat' dir='ltr'>le&amp;o</span> <span class='ocrx_word' id='word_1_118' title='bbox 820 1668 1246 1740; x_wconf 85' lang='lat' dir='ltr'>interfuerint</span> <span class='ocrx_word' id='word_1_119' title='bbox 1275 1722 1296 1759; x_wconf 96' lang='lat'>,</span> <span class='ocrx_word' id='word_1_120' title='bbox 1367 1695 1604 1740; x_wconf 90' lang='lat' dir='ltr'>omnes</span> <span class='ocrx_word' id='word_1_121' title='bbox 1655 1669 2008 1756; x_wconf 71' lang='lat' dir='ltr'>aegrotanti</span> <span class='ocrx_word' id='word_1_122' title='bbox 2045 1670 2143 1736; x_wconf 90' lang='lat' dir='ltr'>in-</span> 
     </span>
     <span class='ocr_line' id='line_1_17' title="bbox 96 1751 2145 1846; baseline 0.003 -25"><span class='ocrx_word' id='word_1_123' title='bbox 96 1751 456 1822; x_wconf 80' lang='lat' dir='ltr'>lervierint</span> <span class='ocrx_word' id='word_1_124' title='bbox 490 1804 512 1839; x_wconf 95' lang='lat'>,</span> <span class='ocrx_word' id='word_1_125' title='bbox 571 1781 808 1828; x_wconf 90' lang='lat' dir='ltr'>omnes</span> <span class='ocrx_word' id='word_1_126' title='bbox 856 1764 1264 1833; x_wconf 89' lang='lat' dir='ltr'>morientem</span> <span class='ocrx_word' id='word_1_127' title='bbox 1311 1760 1809 1846; x_wconf 88' lang='lat' dir='ltr'>composuerint</span> <span class='ocrx_word' id='word_1_128' title='bbox 1837 1802 1870 1844; x_wconf 56' lang='lat'>,1</span> <span class='ocrx_word' id='word_1_129' title='bbox 1905 1781 2145 1828; x_wconf 83' lang='lat' dir='ltr'>omnes</span> 
     </span>
     <span class='ocr_line' id='line_1_18' title="bbox 95 1845 2144 1937; baseline 0.002 -26"><span class='ocrx_word' id='word_1_130' title='bbox 95 1860 439 1911; x_wconf 88' lang='lat' dir='ltr'>mortuam</span> <span class='ocrx_word' id='word_1_131' title='bbox 479 1845 885 1920; x_wconf 87' lang='lat' dir='ltr'>defleverint</span> <span class='ocrx_word' id='word_1_132' title='bbox 914 1903 935 1937; x_wconf 93' lang='lat'>,</span> <span class='ocrx_word' id='word_1_133' title='bbox 986 1877 1224 1922; x_wconf 89' lang='lat' dir='ltr'>omnes</span> <span class='ocrx_word' id='word_1_134' title='bbox 1264 1848 1554 1936; x_wconf 90' lang='lat' dir='ltr'>denique</span> <span class='ocrx_word' id='word_1_135' title='bbox 1605 1875 1693 1919; x_wconf 86' lang='lat' dir='ltr'>ex</span> <span class='ocrx_word' id='word_1_136' title='bbox 1731 1847 2144 1917; x_wconf 80' lang='lat' dir='ltr'>mortalitate</span> 
     </span>
    </p>
   </div>
   <div class='ocr_carea' id='block_1_2' title="bbox 97 1934 2144 2112">
    <p class='ocr_par' dir='ltr' id='par_1_2' title="bbox 97 1934 2144 2112">
     <span class='ocr_line' id='line_1_19' title="bbox 97 1934 2067 2028; baseline 0.001 -26"><span class='ocrx_word' id='word_1_137' title='bbox 97 1934 182 2002; x_wconf 87' lang='lat' dir='ltr'>ad</span> <span class='ocrx_word' id='word_1_138' title='bbox 217 1935 799 2008; x_wconf 89' lang='lat' dir='ltr'>immortalitatem</span> <span class='ocrx_word' id='word_1_139' title='bbox 836 1940 958 2028; x_wconf 75' lang='lat' dir='ltr'>suis</span> <span class='ocrx_word' id='word_1_140' title='bbox 993 1967 1163 2027; x_wconf 70' lang='lat' dir='ltr'>nene</span> <span class='ocrx_word' id='word_1_141' title='bbox 1203 1940 1501 2011; x_wconf 90' lang='lat' dir='ltr'>humeris</span> <span class='ocrx_word' id='word_1_142' title='bbox 1537 1939 2030 2027; x_wconf 83' lang='lat' dir='ltr'>reportaverint</span> <span class='ocrx_word' id='word_1_143' title='bbox 2053 1992 2067 2005; x_wconf 92' lang='lat'><strong>.</strong></span> 
     </span>
     <span class='ocr_line' id='line_1_20' title="bbox 280 2024 2144 2112; baseline 0.001 -28"><span class='ocrx_word' id='word_1_144' title='bbox 280 2024 486 2095; x_wconf 76' lang='lat' dir='ltr'>Tunc</span> <span class='ocrx_word' id='word_1_145' title='bbox 515 2054 678 2096; x_wconf 71' lang='lat' dir='ltr'>vern</span> <span class='ocrx_word' id='word_1_146' title='bbox 694 2069 714 2099; x_wconf 89' lang='lat'>,</span> <span class='ocrx_word' id='word_1_147' title='bbox 736 2026 781 2082; x_wconf 71' lang='lat' dir='ltr'>fi</span> <span class='ocrx_word' id='word_1_148' title='bbox 798 2024 953 2085; x_wconf 66' lang='lat' dir='ltr'>dcilS</span> <span class='ocrx_word' id='word_1_149' title='bbox 974 2024 1290 2084; x_wconf 80' lang='lat' dir='ltr'>omnlbUS</span> <span class='ocrx_word' id='word_1_150' title='bbox 1313 2031 1492 2082; x_wconf 65' lang='lat' dir='ltr'>lilius</span> <span class='ocrx_word' id='word_1_151' title='bbox 1512 2030 1849 2095; x_wconf 76' lang='lat' dir='ltr'>modestiae</span> <span class='ocrx_word' id='word_1_152' title='bbox 1869 2051 2144 2112; x_wconf 76' lang='lat' dir='ltr'>repagu-</span> 
     </span>
    </p>
   </div>
   <div class='ocr_carea' id='block_1_3' title="bbox 97 2103 2144 3622">
    <p class='ocr_par' dir='ltr' id='par_1_3' title="bbox 97 2103 2144 3622">
     <span class='ocr_line' id='line_1_21' title="bbox 97 2103 2142 2197; baseline 0.001 -18"><span class='ocrx_word' id='word_1_153' title='bbox 97 2115 213 2195; x_wconf 86' lang='lat' dir='ltr'>lis,</span> <span class='ocrx_word' id='word_1_154' title='bbox 266 2130 395 2193; x_wconf 79' lang='lat' dir='ltr'>qua</span> <span class='ocrx_word' id='word_1_155' title='bbox 422 2116 577 2191; x_wconf 81' lang='lat' dir='ltr'>illa,</span> <span class='ocrx_word' id='word_1_156' title='bbox 612 2103 775 2173; x_wconf 85' lang='lat' dir='ltr'>dum</span> <span class='ocrx_word' id='word_1_157' title='bbox 806 2107 1019 2190; x_wconf 85' lang='lat' dir='ltr'>vixit,</span> <span class='ocrx_word' id='word_1_158' title='bbox 1056 2129 1178 2173; x_wconf 92' lang='lat' dir='ltr'>nos</span> <span class='ocrx_word' id='word_1_159' title='bbox 1214 2125 1562 2192; x_wconf 87' lang='lat' dir='ltr'>tamquam</span> <span class='ocrx_word' id='word_1_160' title='bbox 1585 2108 1879 2197; x_wconf 60' lang='lat' dir='ltr'>vinElOS,</span> <span class='ocrx_word' id='word_1_161' title='bbox 1914 2110 2142 2182; x_wconf 82' lang='lat' dir='ltr'>fraena-</span> 
     </span>
     <span class='ocr_line' id='line_1_22' title="bbox 99 2195 2138 2283; baseline 0.001 -16"><span class='ocrx_word' id='word_1_162' title='bbox 99 2199 332 2283; x_wconf 85' lang='lat' dir='ltr'>tosque</span> <span class='ocrx_word' id='word_1_163' title='bbox 368 2212 685 2262; x_wconf 88' lang='lat' dir='ltr'>tenuerat</span> <span class='ocrx_word' id='word_1_164' title='bbox 707 2243 727 2279; x_wconf 93' lang='lat'>,</span> <span class='ocrx_word' id='word_1_165' title='bbox 762 2219 847 2263; x_wconf 93' lang='lat' dir='ltr'>ne</span> <span class='ocrx_word' id='word_1_166' title='bbox 879 2195 1174 2279; x_wconf 90' lang='lat' dir='ltr'>publicas</span> <span class='ocrx_word' id='word_1_167' title='bbox 1207 2197 1273 2264; x_wconf 85' lang='lat' dir='ltr'>in</span> <span class='ocrx_word' id='word_1_168' title='bbox 1312 2195 1835 2268; x_wconf 89' lang='lat' dir='ltr'>acclamationes</span> <span class='ocrx_word' id='word_1_169' title='bbox 1872 2200 2138 2274; x_wconf 90' lang='lat' dir='ltr'>descen-</span> 
     </span>
     <span class='ocr_line' id='line_1_23' title="bbox 103 2281 2133 2376; baseline 0.002 -18"><span class='ocrx_word' id='word_1_170' title='bbox 103 2293 460 2370; x_wconf 87' lang='lat' dir='ltr'>deremus,</span> <span class='ocrx_word' id='word_1_171' title='bbox 499 2281 792 2354; x_wconf 87' lang='lat' dir='ltr'>clamare</span> <span class='ocrx_word' id='word_1_172' title='bbox 831 2285 1086 2373; x_wconf 82' lang='lat' dir='ltr'>palam,</span> <span class='ocrx_word' id='word_1_173' title='bbox 1127 2288 1483 2374; x_wconf 83' lang='lat' dir='ltr'>praedicare</span> <span class='ocrx_word' id='word_1_174' title='bbox 1521 2291 1846 2376; x_wconf 82' lang='lat' dir='ltr'>virtuteS,</span> <span class='ocrx_word' id='word_1_175' title='bbox 1880 2288 2133 2362; x_wconf 82' lang='lat' dir='ltr'>referre</span> 
     </span>
     <span class='ocr_line' id='line_1_24' title="bbox 103 2373 2144 2467; baseline 0 -17"><span class='ocrx_word' id='word_1_176' title='bbox 103 2400 382 2451; x_wconf 89' lang='lat' dir='ltr'>omnem</span> <span class='ocrx_word' id='word_1_177' title='bbox 437 2373 806 2444; x_wconf 65' lang='lat' dir='ltr'>antea&amp;am</span> <span class='ocrx_word' id='word_1_178' title='bbox 852 2380 1063 2445; x_wconf 90' lang='lat' dir='ltr'>vitam</span> <span class='ocrx_word' id='word_1_179' title='bbox 1092 2428 1112 2462; x_wconf 92' lang='lat'>,</span> <span class='ocrx_word' id='word_1_180' title='bbox 1169 2403 1575 2450; x_wconf 89' lang='lat' dir='ltr'>concurrere</span> <span class='ocrx_word' id='word_1_181' title='bbox 1648 2379 1732 2449; x_wconf 90' lang='lat' dir='ltr'>ad</span> <span class='ocrx_word' id='word_1_182' title='bbox 1789 2384 2012 2467; x_wconf 90' lang='lat' dir='ltr'>regias</span> <span class='ocrx_word' id='word_1_183' title='bbox 2064 2410 2144 2451; x_wconf 81' lang='lat' dir='ltr'>ae-</span> 
     </span>
     <span class='ocr_line' id='line_1_25' title="bbox 103 2460 2140 2559; baseline 0.002 -24"><span class='ocrx_word' id='word_1_184' title='bbox 103 2471 259 2556; x_wconf 87' lang='lat' dir='ltr'>des,</span> <span class='ocrx_word' id='word_1_185' title='bbox 294 2463 633 2549; x_wconf 90' lang='lat' dir='ltr'>complere</span> <span class='ocrx_word' id='word_1_186' title='bbox 658 2460 915 2553; x_wconf 81' lang='lat' dir='ltr'>sorum,</span> <span class='ocrx_word' id='word_1_187' title='bbox 962 2469 1316 2536; x_wconf 87' lang='lat' dir='ltr'>circumire</span> <span class='ocrx_word' id='word_1_188' title='bbox 1350 2470 1711 2559; x_wconf 90' lang='lat' dir='ltr'>palatium,</span> <span class='ocrx_word' id='word_1_189' title='bbox 1745 2495 1942 2540; x_wconf 88' lang='lat' dir='ltr'>orare</span> <span class='ocrx_word' id='word_1_190' title='bbox 1987 2471 2140 2557; x_wconf 88' lang='lat' dir='ltr'>ady-</span> 
     </span>
     <span class='ocr_line' id='line_1_26' title="bbox 104 2553 2138 2645; baseline 0.002 -19"><span class='ocrx_word' id='word_1_191' title='bbox 104 2580 252 2630; x_wconf 89' lang='lat' dir='ltr'>tum</span> <span class='ocrx_word' id='word_1_192' title='bbox 275 2607 296 2641; x_wconf 95' lang='lat'>,</span> <span class='ocrx_word' id='word_1_193' title='bbox 341 2561 404 2623; x_wconf 86' lang='lat'>&amp;</span> <span class='ocrx_word' id='word_1_194' title='bbox 447 2553 894 2625; x_wconf 84' lang='lat' dir='ltr'>beatisfimurn</span> <span class='ocrx_word' id='word_1_195' title='bbox 932 2553 1060 2626; x_wconf 89' lang='lat' dir='ltr'>sese</span> <span class='ocrx_word' id='word_1_196' title='bbox 1086 2576 1317 2644; x_wconf 84' lang='lat' dir='ltr'>putare</span> <span class='ocrx_word' id='word_1_197' title='bbox 1342 2608 1362 2644; x_wconf 96' lang='lat'>,</span> <span class='ocrx_word' id='word_1_198' title='bbox 1405 2558 1694 2645; x_wconf 89' lang='lat' dir='ltr'>quisquis</span> <span class='ocrx_word' id='word_1_199' title='bbox 1729 2580 1845 2629; x_wconf 90' lang='lat' dir='ltr'>aut</span> <span class='ocrx_word' id='word_1_200' title='bbox 1879 2563 1947 2629; x_wconf 91' lang='lat' dir='ltr'>in</span> <span class='ocrx_word' id='word_1_201' title='bbox 1983 2588 2138 2630; x_wconf 89' lang='lat' dir='ltr'>eum</span> 
     </span>
     <span class='ocr_line' id='line_1_27' title="bbox 107 2643 2140 2738; baseline 0.001 -19"><span class='ocrx_word' id='word_1_202' title='bbox 107 2650 335 2719; x_wconf 87' lang='lat' dir='ltr'>locum</span> <span class='ocrx_word' id='word_1_203' title='bbox 368 2664 675 2731; x_wconf 90' lang='lat' dir='ltr'>receptus</span> <span class='ocrx_word' id='word_1_204' title='bbox 699 2643 862 2716; x_wconf 78' lang='lat' dir='ltr'>esset</span> <span class='ocrx_word' id='word_1_205' title='bbox 882 2698 901 2732; x_wconf 95' lang='lat'>,</span> <span class='ocrx_word' id='word_1_206' title='bbox 924 2647 1036 2716; x_wconf 91' lang='lat' dir='ltr'>ubi</span> <span class='ocrx_word' id='word_1_207' title='bbox 1060 2672 1297 2734; x_wconf 88' lang='lat' dir='ltr'>corpus</span> <span class='ocrx_word' id='word_1_208' title='bbox 1329 2651 1476 2735; x_wconf 84' lang='lat' dir='ltr'>ejus</span> <span class='ocrx_word' id='word_1_209' title='bbox 1501 2647 1955 2719; x_wconf 75' lang='lat' dir='ltr'>asservabatur</span> <span class='ocrx_word' id='word_1_210' title='bbox 1979 2702 1999 2738; x_wconf 92' lang='lat'>,</span> <span class='ocrx_word' id='word_1_211' title='bbox 2025 2671 2140 2721; x_wconf 89' lang='lat' dir='ltr'>aut</span> 
     </span>
     <span class='ocr_line' id='line_1_28' title="bbox 107 2734 2138 2828; baseline 0.001 -21"><span class='ocrx_word' id='word_1_212' title='bbox 107 2734 506 2827; x_wconf 83' lang='lat' dir='ltr'>particulam</span> <span class='ocrx_word' id='word_1_213' title='bbox 559 2734 844 2821; x_wconf 89' lang='lat' dir='ltr'>aliquam</span> <span class='ocrx_word' id='word_1_214' title='bbox 888 2763 976 2806; x_wconf 78' lang='lat' dir='ltr'>ex</span> <span class='ocrx_word' id='word_1_215' title='bbox 1015 2738 1094 2805; x_wconf 88' lang='lat' dir='ltr'>iis</span> <span class='ocrx_word' id='word_1_216' title='bbox 1134 2738 1421 2809; x_wconf 88' lang='lat' dir='ltr'>vestibus</span> <span class='ocrx_word' id='word_1_217' title='bbox 1467 2737 1879 2826; x_wconf 84' lang='lat' dir='ltr'>impetrasset</span> <span class='ocrx_word' id='word_1_218' title='bbox 1911 2792 1932 2828; x_wconf 96' lang='lat'>,</span> <span class='ocrx_word' id='word_1_219' title='bbox 1979 2766 2138 2826; x_wconf 90' lang='lat' dir='ltr'>quas</span> 
     </span>
     <span class='ocr_line' id='line_1_29' title="bbox 111 2826 2140 2917; baseline 0 -18"><span class='ocrx_word' id='word_1_220' title='bbox 111 2827 457 2899; x_wconf 78' lang='lat' dir='ltr'>MARIA</span> <span class='ocrx_word' id='word_1_221' title='bbox 511 2826 1216 2898; x_wconf 73' lang='lat' dir='ltr'><strong>CLEMENTINA</strong></span> <span class='ocrx_word' id='word_1_222' title='bbox 1263 2827 1374 2899; x_wconf 91' lang='lat' dir='ltr'>seu</span> <span class='ocrx_word' id='word_1_223' title='bbox 1397 2831 1680 2917; x_wconf 80' lang='lat' dir='ltr'>vivenS,</span> <span class='ocrx_word' id='word_1_224' title='bbox 1714 2827 1822 2900; x_wconf 89' lang='lat' dir='ltr'>seu</span> <span class='ocrx_word' id='word_1_225' title='bbox 1846 2833 2140 2900; x_wconf 88' lang='lat' dir='ltr'>moriens</span> 
     </span>
     <span class='ocr_line' id='line_1_30' title="bbox 115 2913 2134 3008; baseline 0.001 -21"><span class='ocrx_word' id='word_1_226' title='bbox 115 2913 514 2987; x_wconf 75' lang='lat' dir='ltr'>adhibuisset</span> <span class='ocrx_word' id='word_1_227' title='bbox 536 2972 549 2984; x_wconf 89' lang='lat'><strong>.</strong></span> <span class='ocrx_word' id='word_1_228' title='bbox 579 2914 814 2987; x_wconf 91' lang='lat' dir='ltr'>Doleo</span> <span class='ocrx_word' id='word_1_229' title='bbox 833 2967 852 3003; x_wconf 88' lang='lat'>,</span> <span class='ocrx_word' id='word_1_230' title='bbox 878 2917 1135 2987; x_wconf 71' lang='lat' dir='ltr'>PATREs</span> <span class='ocrx_word' id='word_1_231' title='bbox 1178 2920 1571 2989; x_wconf 81' lang='lat' dir='ltr'><strong>AMPLISSIMI</strong></span> <span class='ocrx_word' id='word_1_232' title='bbox 1595 2971 1616 3008; x_wconf 97' lang='lat'>,</span> <span class='ocrx_word' id='word_1_233' title='bbox 1646 2918 1816 2990; x_wconf 90' lang='lat' dir='ltr'>adeo</span> <span class='ocrx_word' id='word_1_234' title='bbox 1836 2920 1999 2990; x_wconf 90' lang='lat' dir='ltr'>mihi</span> <span class='ocrx_word' id='word_1_235' title='bbox 2022 2946 2134 2990; x_wconf 90' lang='lat' dir='ltr'>an-</span> 
     </span>
     <span class='ocr_line' id='line_1_31' title="bbox 109 3004 2137 3097; baseline 0.003 -23"><span class='ocrx_word' id='word_1_236' title='bbox 109 3005 379 3094; x_wconf 87' lang='lat' dir='ltr'>gustum</span> <span class='ocrx_word' id='word_1_237' title='bbox 402 3007 717 3089; x_wconf 89' lang='lat' dir='ltr'>temporis</span> <span class='ocrx_word' id='word_1_238' title='bbox 741 3004 1014 3092; x_wconf 90' lang='lat' dir='ltr'>spatium</span> <span class='ocrx_word' id='word_1_239' title='bbox 1042 3004 1232 3078; x_wconf 80' lang='lat' dir='ltr'>fuisse</span> <span class='ocrx_word' id='word_1_240' title='bbox 1255 3005 1605 3079; x_wconf 88' lang='lat' dir='ltr'>definitum</span> <span class='ocrx_word' id='word_1_241' title='bbox 1626 3061 1647 3097; x_wconf 92' lang='lat'>,</span> <span class='ocrx_word' id='word_1_242' title='bbox 1681 3030 1757 3079; x_wconf 89' lang='lat' dir='ltr'>ut</span> <span class='ocrx_word' id='word_1_243' title='bbox 1779 3035 1904 3079; x_wconf 90' lang='lat' dir='ltr'>nec</span> <span class='ocrx_word' id='word_1_244' title='bbox 1941 3011 2137 3097; x_wconf 53' lang='lat' dir='ltr'>pisto-</span> 
     </span>
     <span class='ocr_line' id='line_1_32' title="bbox 116 3092 2137 3185; baseline 0.001 -20"><span class='ocrx_word' id='word_1_245' title='bbox 116 3119 224 3165; x_wconf 87' lang='lat' dir='ltr'>res</span> <span class='ocrx_word' id='word_1_246' title='bbox 262 3092 409 3162; x_wconf 90' lang='lat' dir='ltr'>illos</span> <span class='ocrx_word' id='word_1_247' title='bbox 432 3097 678 3164; x_wconf 88' lang='lat' dir='ltr'>imitari</span> <span class='ocrx_word' id='word_1_248' title='bbox 702 3092 795 3166; x_wconf 84' lang='lat' dir='ltr'>fas</span> <span class='ocrx_word' id='word_1_249' title='bbox 815 3095 932 3185; x_wconf 79' lang='lat' dir='ltr'>sit,</span> <span class='ocrx_word' id='word_1_250' title='bbox 966 3101 1111 3185; x_wconf 92' lang='lat' dir='ltr'>qui,</span> <span class='ocrx_word' id='word_1_251' title='bbox 1146 3101 1305 3169; x_wconf 90' lang='lat' dir='ltr'>dum</span> <span class='ocrx_word' id='word_1_252' title='bbox 1326 3101 1674 3185; x_wconf 89' lang='lat' dir='ltr'>ingentem</span> <span class='ocrx_word' id='word_1_253' title='bbox 1710 3098 1997 3184; x_wconf 90' lang='lat' dir='ltr'>aliquam</span> <span class='ocrx_word' id='word_1_254' title='bbox 2019 3101 2137 3168; x_wconf 89' lang='lat' dir='ltr'>ho-</span> 
     </span>
     <span class='ocr_line' id='line_1_33' title="bbox 120 3184 2136 3274; baseline 0.002 -20"><span class='ocrx_word' id='word_1_255' title='bbox 120 3188 381 3254; x_wconf 88' lang='lat' dir='ltr'>minum</span> <span class='ocrx_word' id='word_1_256' title='bbox 428 3184 926 3257; x_wconf 85' lang='lat' dir='ltr'>multitudinem</span> <span class='ocrx_word' id='word_1_257' title='bbox 965 3191 1031 3258; x_wconf 88' lang='lat' dir='ltr'>in</span> <span class='ocrx_word' id='word_1_258' title='bbox 1073 3189 1323 3274; x_wconf 81' lang='lat' dir='ltr'>exigua</span> <span class='ocrx_word' id='word_1_259' title='bbox 1365 3189 1608 3258; x_wconf 89' lang='lat' dir='ltr'>tabella</span> <span class='ocrx_word' id='word_1_260' title='bbox 1641 3189 1977 3257; x_wconf 88' lang='lat' dir='ltr'>coloribus</span> <span class='ocrx_word' id='word_1_261' title='bbox 2022 3188 2136 3258; x_wconf 91' lang='lat' dir='ltr'>de-</span> 
     </span>
     <span class='ocr_line' id='line_1_34' title="bbox 121 3274 2137 3366; baseline 0.001 -23"><span class='ocrx_word' id='word_1_262' title='bbox 121 3274 283 3343; x_wconf 90' lang='lat' dir='ltr'>bent</span> <span class='ocrx_word' id='word_1_263' title='bbox 305 3275 674 3359; x_wconf 84' lang='lat' dir='ltr'>exprimere</span> <span class='ocrx_word' id='word_1_264' title='bbox 694 3325 713 3361; x_wconf 92' lang='lat'>,</span> <span class='ocrx_word' id='word_1_265' title='bbox 748 3301 898 3346; x_wconf 87' lang='lat' dir='ltr'>cum</span> <span class='ocrx_word' id='word_1_266' title='bbox 926 3303 1159 3349; x_wconf 88' lang='lat' dir='ltr'>omnes</span> <span class='ocrx_word' id='word_1_267' title='bbox 1182 3302 1266 3346; x_wconf 78' lang='lat' dir='ltr'>ex</span> <span class='ocrx_word' id='word_1_268' title='bbox 1286 3279 1557 3366; x_wconf 90' lang='lat' dir='ltr'>integro</span> <span class='ocrx_word' id='word_1_269' title='bbox 1575 3279 1845 3365; x_wconf 88' lang='lat' dir='ltr'>pingere</span> <span class='ocrx_word' id='word_1_270' title='bbox 1869 3279 1963 3347; x_wconf 93' lang='lat' dir='ltr'>ibi</span> <span class='ocrx_word' id='word_1_271' title='bbox 2001 3303 2137 3347; x_wconf 91' lang='lat' dir='ltr'>non</span> 
     </span>
     <span class='ocr_line' id='line_1_35' title="bbox 121 3362 2137 3455; baseline 0.003 -25"><span class='ocrx_word' id='word_1_272' title='bbox 121 3362 360 3448; x_wconf 89' lang='lat' dir='ltr'>liceat,</span> <span class='ocrx_word' id='word_1_273' title='bbox 382 3363 705 3434; x_wconf 91' lang='lat' dir='ltr'>idineunt</span> <span class='ocrx_word' id='word_1_274' title='bbox 728 3365 1018 3455; x_wconf 82' lang='lat' dir='ltr'>consilii,</span> <span class='ocrx_word' id='word_1_275' title='bbox 1058 3389 1133 3439; x_wconf 94' lang='lat' dir='ltr'>ut</span> <span class='ocrx_word' id='word_1_276' title='bbox 1169 3368 1649 3439; x_wconf 87' lang='lat' dir='ltr'>nonnullorum</span> <span class='ocrx_word' id='word_1_277' title='bbox 1686 3388 1947 3438; x_wconf 86' lang='lat' dir='ltr'>tantum</span> <span class='ocrx_word' id='word_1_278' title='bbox 1978 3392 2137 3453; x_wconf 87' lang='lat' dir='ltr'>ora,</span> 
     </span>
     <span class='ocr_line' id='line_1_36' title="bbox 124 3450 2135 3616; baseline 0.002 -93"><span class='ocrx_word' id='word_1_279' title='bbox 124 3450 384 3540; x_wconf 83' lang='lat' dir='ltr'>vultuS,</span> <span class='ocrx_word' id='word_1_280' title='bbox 419 3463 483 3529; x_wconf 75' lang='grc' dir='ltr'>δε</span> <span class='ocrx_word' id='word_1_281' title='bbox 522 3480 759 3543; x_wconf 89' lang='lat' dir='ltr'>corpus</span> <span class='ocrx_word' id='word_1_282' title='bbox 795 3476 1016 3531; x_wconf 83' lang='lat' dir='ltr'>totum</span> <span class='ocrx_word' id='word_1_283' title='bbox 1058 3457 1441 3548; x_wconf 80' lang='lat' dir='ltr'>designent,</span> <span class='ocrx_word' id='word_1_284' title='bbox 1476 3458 1886 3545; x_wconf 88' lang='lat' dir='ltr'>reliquorum</span> <span class='ocrx_word' id='word_1_285' title='bbox 1932 3482 2135 3616; x_wconf 63' lang='lat' dir='ltr'>veiro,</span> 
     </span>
     <span class='ocr_line' id='line_1_37' title="bbox 1384 3573 2047 3622; baseline -0.003 -1"><span class='ocrx_word' id='word_1_286' title='bbox 1384 3584 1389 3593; x_wconf 64' lang='lat'>=</span> <span class='ocrx_word' id='word_1_287' title='bbox 1826 3573 1996 3622; x_wconf 87' lang='lat' dir='ltr'>occu</span> <span class='ocrx_word' id='word_1_288' title='bbox 2022 3589 2047 3601; x_wconf 95' lang='lat'>-</span> 
     </span>
    </p>
   </div>
   <div class='ocr_carea' id='block_1_4' title="bbox 2356 1820 2392 3659">
    <p class='ocr_par' dir='ltr' id='par_1_4' title="bbox 2356 1820 2392 3659">
     <span class='ocr_line' id='line_1_38' title="bbox 2356 1820 2392 3659; baseline 0 0"><span class='ocrx_word' id='word_1_289' title='bbox 2356 1820 2392 3659; x_wconf 95' lang='lat' dir='ltr'> </span> 
     </span>
    </p>
   </div>
  </div>
 </body>
</html>
