2392 3830
231 264 540 395 om2nium
576 323 639 388 δε
671 316 1016 404 solatium,
1039 320 1104 385 δε
1137 333 1383 384 mater.
1415 313 1627 385 Nulla
1659 331 1843 384 tanta
1873 314 1966 385 est
2002 311 2256 383 doloris

228 410 661 501 fignificatiO,
703 435 841 494 quae
867 433 1003 476 non
1036 408 1100 475 ei
1136 405 1463 476 debeatur
1484 458 1504 493 ,
1539 431 1576 473 a
1597 430 1726 491 qua
1749 404 2055 475 dolentes
2094 402 2257 474 sem-

228 529 345 591 per
393 501 894 586 recreabamur‚
944 505 1008 568 &
1043 520 1242 584 quam
1276 495 1454 567 casus
1490 520 1728 565 omnes
1758 497 2014 565 nostros
2045 497 2252 582 longe

229 596 443 679 magis
461 643 479 677 ,
503 615 698 677 quam
724 587 867 658 suos
885 641 904 674 ,
936 588 1094 657 dum
1114 587 1288 654 vixit
1307 637 1327 674 ,
1364 582 1644 656 doluisse
1669 604 2091 672 compertum
2127 585 2252 654 est.

231 684 391 754 Nos
418 707 616 765 vero,
654 680 765 766 qui
787 678 1083 750 vulneris
1117 675 1309 760 hujus
1331 679 1469 745 vim
1492 703 1618 763 prae
1642 680 1882 745 ceteris
1905 674 2216 746 sensimus
2234 725 2256 762 ,

235 781 299 842 &
322 797 460 840 non
487 769 725 840 sentire
747 769 978 855 modo,
996 765 1102 836 sed
1127 766 1349 837 testari
1373 791 1642 852 quoque
1662 788 1995 849 tenemur,
2016 791 2150 850 quo
2172 766 2257 835 la-

234 886 611 946 crymarum
637 884 886 947 genere
903 859 1073 946 justa
1107 857 1482 928 MARIAE
1519 857 2254 928 CLEMENTINAE

232 949 453 1021 funeri
488 949 935 1038 persolvemus
971 963 996 1017 ?
1060 946 1221 1037 Qa
1268 944 1538 1016 laudum
1591 947 2059 1033 praedicatione
2102 946 2256 1015 huic

233 1041 619 1128 Religionis
642 1039 672 1124 (
697 1041 976 1110 dixerim
998 1036 1029 1124 )
1048 1034 1330 1108 Vindici
1352 1035 1888 1123 parentabimus?
1918 1036 2108 1130 Qid
2129 1038 2258 1124 pri-

234 1157 422 1202 mum
452 1131 727 1218 loquar,
766 1128 923 1215 quid
953 1128 1309 1196 ultimum?
1357 1126 1547 1223 Qid
1586 1130 1762 1215 prius
1804 1130 2049 1215 mirer,
2097 1125 2257 1215 quid

235 1222 597 1309 posterius?
631 1219 821 1310 Qid
859 1222 927 1289 in
969 1244 1047 1288 ea
1084 1220 1296 1308 magis
1331 1217 1802 1289 celebrandum
1844 1219 2257 1304 existimem,

237 1316 306 1381 in
356 1336 482 1399 qua
528 1315 756 1380 omnia
805 1307 949 1379 sunt
999 1310 1340 1378 maxima?
1390 1310 1702 1396 Vereor,
1739 1309 2258 1380 EMINENTISsiMl

234 1403 620 1489 PfflNcmEs,
655 1426 739 1470 ne
771 1400 1055 1470 vestram
1086 1398 1418 1486 decipiam
1442 1399 2016 1487 expestationem,
2050 1407 2256 1487 &ne,

230 1491 279 1561 fi
301 1519 439 1578 quae
463 1516 707 1577 magna
729 1490 1016 1560 dixerim
1043 1541 1061 1578 ,
1103 1516 1224 1560 vos
1247 1490 1447 1579 longe
1485 1493 1742 1574 majora
1764 1493 2075 1576 cogitetis
2093 1540 2114 1572 ,
2144 1510 2260 1559 aut

233 1580 280 1650 si
309 1581 523 1650 multa
545 1581 836 1651 dicendo
869 1584 1584 1664 commemoraverim,
1627 1603 1748 1649 vos
1784 1577 1973 1664 plura
2011 1573 2262 1646 defi-de-

231 1675 424 1742 retiS.
474 1671 608 1741 Sed
656 1673 972 1757 quoniam
1022 1670 1106 1740 de
1154 1673 1496 1743 MARIA
1547 1667 2261 1742 CLEMENTINA

229 1787 437 1834 nemo
470 1760 619 1831 satis
650 1762 743 1831 est
771 1788 891 1849 pro
913 1761 1247 1850 dignitate
1269 1761 1595 1847 disturus,
1614 1759 1832 1829 dicam
1857 1777 2258 1845 utcumque,

233 1854 496 1924 PATRi-:s
529 1852 1046 1922 EMINENTISSIMI
1070 1903 1089 1939 ‚
1126 1871 1327 1940 atque
1370 1852 1531 1921 illud
1569 1851 1788 1921 dicam
1812 1902 1832 1936 ,
1874 1848 2056 1935 quod
2094 1856 2156 1919 &
2193 1852 2262 1931 in

233 1945 538 2013 omnium
561 1968 680 2013 ore
705 1941 1003 2013 versatur
1022 1993 1042 2026 ,
1067 1949 1131 2009 &
1152 1968 1275 2012 vos
1298 1940 1412 2030 ipsi
1435 1941 1658 2013 soletis
1681 1941 1929 2011 crebris
1952 1938 2260 2014 usurnare

231 2032 677 2104 sermonibus.
725 2034 955 2100 Tanta
992 2029 1241 2099 scilicet
1270 2032 1335 2098 in
1365 2050 1586 2100 morte
1622 2030 1997 2100 MARIAE
2031 2028 2265 2102 CLE-

231 2125 379 2196 ME
397 2122 766 2192 NTINAE
803 2119 930 2189 fuit
958 2123 1026 2189 in
1054 2118 1178 2191 hac
1210 2120 1401 2191 Urbe
1431 2120 1515 2188 de
1547 2120 1660 2190 illa
1690 2121 1755 2188 in
1786 2119 2097 2190 omnibus
2130 2118 2264 2188 san-

231 2214 474 2284 {litatis
506 2212 777 2300 opini0‚
807 2227 1031 2279 tantus
1066 2207 1320 2296 plausus
1370 2217 1436 2280 δε
1476 2211 1860 2297 praedicatio
1883 2263 1902 2298 ,
1935 2231 2049 2298 ut,
2083 2208 2265 2295 quod

236 2305 302 2372 ei
335 2304 636 2390 publicus
678 2299 913 2390 dolor,
960 2306 1028 2369 ἅν
1076 2300 1678 2372 CLEMENTIS
1719 2299 1880 2370 XII.
1915 2299 2266 2371 Pontificis

236 2414 398 2463 vere
425 2393 587 2478 Opt.
613 2398 676 2461 δε
698 2392 888 2461 Max.
916 2388 1377 2461 munificentia
1401 2387 1595 2460 funus
1630 2394 1899 2461 ornavit
1916 2442 1935 2479 ,
1966 2415 2100 2461 non
2125 2408 2264 2459 tam

237 2478 433 2554 funus
456 2479 692 2569 fuerit,
714 2506 913 2568 quam
937 2480 1306 2569 triumphus
1328 2479 2018 2567 magnificentissimus
2042 2537 2056 2550 .
2093 2481 2262 2551 Hoc

237 2575 638 2661 praecipuum
672 2597 710 2640 a
744 2571 937 2641 vobis
969 2571 1251 2659 dicitur,
1281 2572 1412 2642 hoc
1446 2596 1483 2639 a
1517 2596 1625 2641 me
1660 2597 1926 2658 quoque
1956 2572 2262 2656 dicetur,

244 2683 446 2751 atque
490 2662 621 2733 hoc
643 2687 771 2748 ego
802 2686 1006 2731 unum
1048 2682 1153 2732 tot
1183 2665 1253 2731 in
1277 2688 1392 2750 ea,
1427 2681 1898 2746 tantarumque
1919 2661 2263 2731 ostendam

244 2772 717 2841 argumentum
743 2748 874 2820 effe
900 2754 1227 2822 virtutum
1247 2804 1266 2840 ,
1296 2772 1370 2823 ut
1394 2751 1573 2822 aliud
1593 2748 1860 2822 fortasse
1883 2755 2096 2839 majus
2126 2746 2261 2821 effe

246 2868 383 2912 non
398 2842 623 2930 possit.

428 2932 524 3001 Et
555 2928 849 3019 profe&o
878 2957 1076 3021 quam
1099 2936 1287 3003 varia
1317 2933 1463 3003 sunt
1501 2932 1948 3004 multitudinis
1977 2930 2266 3017 judicia?

247 3022 474 3111 Qam
497 3021 767 3092 difficile
792 3027 1132 3093 neminem
1157 3022 1499 3094 offendere
1523 3037 1549 3091 Ρ
1569 3024 1796 3114 Qam
1823 3024 2100 3092 arduum
2124 3045 2267 3107 pro-

244 3110 404 3179 bare
436 3107 497 3178 se
531 3114 884 3183 omnibus?
912 3115 1140 3206 Qam
1184 3137 1404 3182 rarum
1447 3115 1530 3183 ad
1551 3113 2067 3200 acceptissimam
2096 3108 2267 3178 hanc

247 3200 633 3285 opinionem
681 3204 1004 3274 accedere
1054 3201 1249 3273 solius
1298 3203 1889 3273 commendatione
1938 3201 2206 3270 virtutis
2241 3211 2268 3267 ?

251 3288 627 3359 Percurrite
668 3291 980 3380 obsecro,
1030 3295 1547 3364 EMINENTISSIMI
1585 3293 1935 3362 PRINCIPES
1959 3342 1979 3377 ,
2021 3287 2266 3377 sapien-

251 3376 496 3449 tiffima
527 3379 757 3451 vestrae
790 3385 1032 3452 mentis
1067 3385 1211 3452 acie
1252 3408 1388 3452 non
1415 3380 1623 3450 modo
1654 3381 1988 3469 recentia,
2020 3375 2132 3448 sed
2158 3403 2271 3449 ve·

255 3466 602 3539 tustiffima
638 3472 891 3557 quaevis
938 3491 1239 3561 tempora
1260 3500 1281 3558 3
1330 3496 1412 3541 ex
1448 3472 1812 3542 innumeris
1846 3469 2269 3573 homini-bUS,

2048 3583 2181 3629 virm
