2392 3830
1960 152 1986 193 1
2007 154 2031 191 1

110 234 260 286 rent
279 204 588 283 universo
611 231 759 278 eam
781 202 970 276 fuisse
992 202 1244 294 semper
1274 230 1406 276 non
1433 224 1570 278 tam
1612 209 1841 281 debito
1882 210 1999 285 fibi
2028 240 2129 283 re·-

110 331 285 395 gno,
320 325 518 389 quam
541 295 648 369 sua
672 300 922 368 virtute
945 298 1286 385 Reginam
1305 354 1319 367 .
1369 297 1671 371 Primum
1710 303 1889 373 enim
1920 300 2127 373 felici-

109 399 271 481 tati,
309 392 591 461 alterum
637 388 1033 478 prudentiae,
1068 392 1343 459 tertium
1382 388 1709 476 sapientiae
1745 409 1874 461 tuae
1912 391 2127 481 fingu-

111 487 233 555 lari
263 481 624 552 debemus.
670 480 786 550 Ex
809 504 945 567 quo
983 479 1286 550 dubitare
1310 503 1447 548 non
1467 499 1658 567 potes
1681 531 1701 567 ‚
1741 482 1900 568 quin
1920 488 1982 551 &
2004 485 2126 552 im-

108 572 497 646 mortalium
525 596 748 641 rerum
788 589 1054 640 tuarum
1076 566 1253 640 fama
1285 574 1616 657 majorum
1648 568 1733 640 ad
1771 571 1969 641 instar
2004 570 2128 641 flu-

111 667 368 734 minum
408 686 588 732 nova
608 659 860 747 semper
880 661 1249 732 acceffione
1272 681 1597 749 augeatur
1614 712 1634 748 ,
1655 667 1716 731 &
1737 685 1932 749 quam
1958 661 2130 748 apud

109 755 415 823 homines
452 774 555 822 tot
615 777 691 821 ac
725 753 927 821 tantis
952 750 987 838 ζ
1005 751 1242 822 debitae
1263 751 1539 840 tamen)
1563 752 2008 824 aestimationis
2049 775 2127 819 ac

105 843 594 914 benevolentiae
635 840 1223 930 significationibus
1259 842 1595 932 extulisti,
1635 841 1916 914 eandem
1956 840 2129 928 apud

106 935 344 1003 Deum
382 955 653 1003 tuorum
675 931 1156 1004 beneficiorum
1181 959 1556 1004 memorem
1593 942 1659 1007 &
1693 931 2129 1020 gratiffimam

108 1025 378 1096 sentias,
419 1022 585 1093 Tibi
610 1044 835 1094 autem
858 1076 879 1112 ,
924 1024 1009 1093 ad
1029 1051 1227 1109 quem
1263 1025 1480 1094 nostra
1503 1023 1775 1097 tandem
1806 1020 1934 1093 sese
1970 1046 2129 1091 con-

105 1117 311 1186 vertit
341 1116 598 1203 oratiO,
619 1113 1001 1197 JACOBE
1044 1113 1260 1186 REX
1291 1113 1735 1198 inviffiffime,
1756 1111 1932 1202 (hoc
1947 1112 2128 1182 enim

105 1208 381 1275 nomine
428 1224 543 1275 tua
594 1224 664 1275 te
715 1208 924 1275 virtus
962 1224 1251 1274 exornat
1277 1255 1300 1288 ‚
1347 1230 1476 1290 qua
1516 1223 1585 1274 te
1613 1200 1822 1290 ipsum
1852 1254 1873 1290 ,
1913 1201 2127 1272 obstu-

102 1294 407 1382 pescente
440 1296 716 1381 Europa
741 1347 761 1384 9
792 1302 856 1366 &
895 1293 1228 1364 catholica
1264 1293 1637 1380 Religione
1678 1290 2128 1378 triumphante

104 1387 316 1456 vicisti
341 1383 371 1471 )
396 1384 849 1455 dolendumne
874 1403 1098 1469 putem
1119 1434 1140 1471 ,
1177 1409 1261 1453 an
1290 1386 1515 1469 potius
1545 1381 1902 1453 laetandum
1926 1392 1951 1449 ?
1972 1380 2132 1448 Pro-

106 1472 278 1546 seclo
301 1527 321 1564 ,
343 1472 389 1544 fi
413 1496 611 1546 tantae
646 1475 982 1564 Conjugis
1002 1475 1370 1546 orbitatem
1404 1472 1644 1561 speeies
1668 1523 1689 1561 ,
1722 1469 2128 1554 dolendum3

103 1585 171 1634 at
204 1564 249 1635 fi
290 1611 312 1649 5
356 1592 497 1651 quae
529 1564 612 1635 ad
662 1590 783 1634 nos
813 1616 834 1652 ,
893 1592 1036 1651 quae
1078 1565 1163 1636 ad
1208 1586 1278 1636 te
1309 1617 1330 1653 ,
1390 1591 1533 1653 quae
1586 1563 1669 1635 ad
1725 1587 1876 1633 eam
1925 1556 2129 1648 ipsam

99 1655 531 1726 MARIAM
581 1656 1377 1729 CLEMENTINAM
1435 1655 1651 1743 gloria
1699 1653 2127 1740 pervenerit,

97 1764 354 1816 attenta
400 1748 819 1834 cogitatione
862 1746 1236 1819 confideres
1263 1799 1284 1835 ,
1343 1746 1536 1817 nobis
1571 1797 1594 1835 ‚
1653 1745 1779 1816 tibi
1816 1794 1839 1830 ,
1887 1750 1952 1813 &
2012 1735 2129 1826 ipfi

97 1836 473 1907 MARLAE
523 1838 589 1910 C
606 1837 666 1909 L
686 1837 749 1908 E
767 1839 852 1908 M
875 1838 939 1908 E
960 1840 1032 1909 N
1053 1839 1391 1923 TINAE
1438 1836 1825 1909 laetandum.
1859 1830 2087 1904 Nobis
2106 1879 2129 1915 ,

97 1926 278 2009 QUOd
300 1928 688 1991 issCI‘edibile
710 1952 801 1979 ex
820 1933 965 1991 »jub
986 1917 1375 1979 sanctlsslma
1396 1929 1538 1979 Vita
1565 1935 1631 1991 Χζ·
1664 1943 1897 1997 morte
1937 1923 2129 2008 Apo..

98 2012 339 2083 stolicae
377 2011 702 2079 Romanae
738 1995 900 2069 Sedi
954 1998 1159 2067 decus
1202 1996 1551 2069 accesserit
1584 2055 1599 2069 .
1666 2000 1839 2070 Tlm
1877 2050 1897 2084 a
1936 2009 2122 2087 quod

97 2128 266 2173 unus
285 2127 373 2170 ex
393 2095 709 2167 omnibus
730 2090 923 2176 plane
944 2087 1329 2159 hominibus
1348 2086 1616 2159 habitus
1650 2086 1854 2158 fueris
1875 2091 2032 2161 Con
2039 2099 2128 2174 ju-

98 2219 183 2280 ge
218 2211 401 2261 tanta
438 2182 857 2274 dignissimus
884 2236 898 2249 .
953 2180 1332 2252 MARIAE
1383 2180 1669 2252 CLEM
1685 2179 2126 2252 ENTINAE

97 2306 264 2354 vero
281 2332 301 2367 ,
332 2277 510 2366 quod
531 2301 568 2345 a
589 2274 849 2345 summo
872 2271 1181 2358 Principe
1201 2323 1223 2360 ,
1242 2270 1325 2341 ab
1345 2271 1754 2360 ampliffimis
1784 2270 2087 2342 Patribus
2102 2325 2125 2361 ,

98 2398 137 2441 a
171 2371 467 2440 maxima
490 2366 680 2437 Urbe
708 2362 1043 2452 publicam
1067 2413 1089 2450 ,
1129 2359 1530 2449 singularem
1550 2414 1572 2453 ‚
1600 2358 1973 2435 inauditam
1994 2365 2123 2436 vir-

97 2467 256 2534 tutis
279 2458 399 2530 suae
422 2455 968 2531 testificationem
993 2453 1330 2543 acceperit
1350 2507 1365 2523 .
