2392 3830
307 152 332 195 1
348 136 388 196 6

201 216 322 287 Me
333 219 457 305 fita
488 241 631 285 cura
642 220 901 306 premit:
939 222 1084 305 quin
1102 218 1289 301 ausim
1306 217 1492 283 dicere
1513 264 1533 300 3
1554 219 1623 284 id
1638 240 1820 286 unum
1843 219 1923 306 cst

297 310 364 374 In
384 331 474 375 me
493 356 514 392 3
549 309 708 396 quod
723 309 950 375 doleam
969 357 990 391 3
1012 326 1210 395 nempe
1230 305 1391 395 quod
1405 305 1517 394 ipse
1540 310 1694 374 dolet
1712 360 1726 375 .

204 399 468 466 Dixerat
490 423 509 481 3
534 398 612 468 δέ)
626 397 932 484 pcssquam
950 398 1146 465 Natos
1164 400 1250 463 ad
1256 396 1493 484 pecslora
1503 394 1704 484 preffit
1719 445 1741 480 3

293 489 643 575 Ultimaque
663 489 1047 576 illacrymans
1067 487 1253 573 oscula
1272 496 1511 575 utrique
1542 489 1704 554 dedit
1724 513 1745 570 3

201 577 420 662 Erigit
438 582 522 646 ad
541 577 767 643 Caelum.
778 580 1051 645 dextram
1074 627 1095 664 3
1122 577 1199 647 δέ)
1221 579 1502 645 benedicit
1523 580 1794 665 utrique:

293 667 416 735 Hoc
415 669 575 756 satis
595 715 615 751 3
655 684 720 732 ut
743 670 982 735 videam
1021 691 1136 735 non
1173 671 1288 753 nist
1286 667 1498 754 fausta
1502 666 1678 755 sequi
1696 720 1710 733 .

645 843 986 914 Moritura
1025 842 1347 932 Sponsum
1389 844 1786 931 alloquitur.

887 978 952 1049 E
1002 980 1066 1051 L
1114 979 1179 1050 E
1230 980 1306 1052 G
1351 979 1386 1050 I
1431 977 1533 1048 A.

340 1114 518 1202 Ponse
538 1115 710 1180 vale:
748 1137 916 1182 vocor
952 1119 1038 1185 ad
1058 1116 1279 1183 Coelum
1297 1170 1311 1184 .
1343 1118 1463 1184 Me
1481 1118 1649 1183 nulla
1666 1134 1986 1187 merentem

364 1205 549 1271 Dona
569 1204 699 1270 licet
719 1252 739 1288 3
760 1206 1011 1292 dignam
1033 1257 1054 1293 3
1075 1210 1182 1294 qui
1202 1224 1372 1274 vocat
1394 1255 1415 1293 3
1436 1210 1537 1273 ille
1538 1208 1703 1293 facit
1717 1261 1732 1276 .

199 1297 305 1363 Ille
320 1293 428 1380 suo
450 1296 614 1362 lavit
633 1317 765 1360 mea
785 1300 1039 1365 crimina
1059 1298 1360 1386 sanguine
1379 1345 1399 1383 3
1441 1295 1518 1368 δέ’
1538 1298 1639 1364 ille

295 1386 427 1453 Dat
426 1385 640 1470 facilis
671 1389 912 1453 veniam
926 1389 1092 1475 sonti
1112 1438 1132 1472 3
1157 1388 1235 1459 &³
1257 1390 1343 1456 ad
1356 1387 1524 1475 astra
1545 1403 1717 1454 vocat
1735 1440 1751 1455 .

204 1474 347 1544 Non
388 1479 479 1541 ita
500 1481 765 1564 captivus
787 1484 1063 1565 patriam
1075 1478 1342 1568 fitspirat
1362 1480 1704 1565 ademptam
1724 1525 1748 1564 3

292 1566 566 1632 Tollitur
600 1570 685 1635 ad
698 1585 963 1634 centrum
984 1595 1099 1638 non
1117 1574 1211 1637 ita
1207 1570 1478 1656 flamma
1480 1567 1661 1658 filum
1679 1593 1702 1652 3

203 1654 304 1723 Ut
323 1655 552 1739 caelestis
570 1680 674 1741 ego
685 1661 1226 1747 patrioefitccendor
1247 1684 1449 1729 amore
1469 1687 1487 1728 ε

291 1746 402 1812 Ad
415 1763 679 1812 centrum
711 1753 915 1836 rapior
930 1751 1153 1838 stilicet
1173 1752 1297 1840 ipsa
1328 1775 1523 1820 meum
1540 1800 1557 1816 .

204 1835 422 1904 Portus
446 1837 607 1922 adrst
629 1863 649 1920 3
657 1839 804 1921 jam
832 1841 1087 1928 difficiles
1106 1847 1418 1910 enavimus
1436 1843 1630 1910 undas
1646 1885 1673 1922 3

290 1926 572 1994 Turbida
575 1929 721 2012 jam
718 1926 979 2014 fugin-nt
1000 1944 1180 2002 oecstwr
1198 1951 1239 1982 α
1259 1964 1281 1999 5
1294 1950 1505 2003 pov-me
1525 1929 1717 2001 adest,

200 2017 292 2082 At
309 2016 424 2082 tibi
438 2018 620 2094 langa
637 2028 746 2073 via
764 2006 842 2092 est
864 2056 887 2094 3
908 2008 1150 2093 longum
1172 2009 1364 2073 maris
1385 2027 1584 2096 aequor
1603 2009 1908 2081 arandum
1920 2060 1943 2099 3

286 2104 375 2167 Et
393 2099 684 2166 vincenda
706 2114 842 2164 atro
863 2098 1056 2164 multa
1066 2099 1329 2185 procella
1349 2103 1540 2166 mari.

197 2189 377 2281 Quid
391 2190 624 2255 dubitas
644 2197 670 2254 ?
692 2187 813 2254 Iter
835 2186 1093 2271 absolves
1113 2236 1134 2273 3
1154 2192 1346 2256 maris
1365 2211 1563 2279 oequor
1581 2193 1787 2260 arabis
1806 2219 1832 2279 3

287 2277 742 2365 Disrumpetque
763 2295 933 2344 tuam
952 2279 1120 2343 nulla
1139 2282 1397 2367 procella
1417 2296 1614 2349 ratem
1634 2334 1649 2348 .
1910 2363 1913 2366 Α

205 2365 403 2436 Victor
423 2372 541 2434 eris
561 2384 874 2434 ventorum
893 2415 914 2451 5
934 2368 1234 2434 undarum
1248 2417 1269 2453 5
1287 2370 1618 2460 hyemisque
1637 2422 1660 2458 5
1681 2373 1978 2463 marisque
1991 2421 2015 2460 ,

294 2458 382 2524 Et
400 2473 636 2545 portum
663 2461 846 2547 capiet
857 2456 1046 2544 salva
1075 2461 1287 2526 carina
1296 2459 1475 2545 flium
1493 2511 1509 2526 .
1602 2531 1608 2537 ‚⁷

209 2548 443 2615 Interea
462 2547 618 2615 dura
637 2551 701 2614 in
722 2550 889 2615 duris
909 2597 929 2632 5
949 2546 1225 2638 rebusque
1227 2548 1500 2636 fi’cundis

294 2639 387 2705 Te
401 2636 594 2723 serva
617 2663 632 2702 z
655 2642 865 2706 melior
887 2638 1148 2725 nascitur
1177 2642 1318 2708 ordo
1338 2643 1485 2707 tibi.

208 2727 579 2816 thuefacis
601 2776 622 2810 5
652 2729 700 2794 S
701 2731 874 2795 obolis
876 2727 1066 2816 fi’rva
1084 2733 1398 2796 communis
1423 2753 1726 2817 amorem3

297 2820 438 2884 Sint
460 2817 536 2888 δέ)
559 2822 756 2904 imago
776 2822 868 2884 tui
886 2867 905 2902 5
916 2822 1054 2904 sint
1089 2818 1168 2889 δὲ)
1187 2824 1387 2906 imago
1405 2825 1547 2888 mei.

212 2907 352 2973 Non
373 2925 429 2973 te
450 2909 743 2992 contristet
763 2931 894 2976 mea
915 2932 1070 2975 mors
1090 2934 1110 2992 3
1135 2914 1226 2977 nil
1242 2914 1353 2977 illa
1373 2913 1682 2979 dolendum

300 2994 329 3079 (
356 2999 567 3064 Tanta
585 2998 660 3081 est
681 3002 902 3067 divina?
918 2997 1350 3088 spespietatis)
1385 3002 1558 3069 habet
1577 3054 1592 3068 .

212 3083 382 3170 Ergo
403 3089 538 3153 tolle
557 3093 781 3155 animos
797 3140 816 3176 3
840 3089 991 3175 &st
1006 3111 1096 3155 me
1114 3091 1318 3175 diligis
1339 3137 1360 3174 3
1386 3089 1465 3161 δὲ)
1460 3095 1537 3177 st

306 3176 412 3260 Est
432 3179 543 3241 tibi
561 3200 700 3243 cura
732 3184 848 3247 mei
866 3229 885 3264 3
894 3183 990 3265 fit
1012 3182 1123 3247 tibi
1145 3203 1286 3247 cura
1303 3183 1423 3248 tui.

214 3264 360 3330 Vive
382 3268 493 3332 tibi
511 3315 531 3351 3
553 3269 702 3334 mibi
722 3273 862 3336 vive
883 3317 902 3353 3
919 3288 1121 3356 precor
1137 3297 1158 3356 3
1165 3272 1430 3356 feliciter
1450 3295 1633 3341 annos

300 3355 446 3425 Vive
465 3375 590 3425 tuos
610 3406 630 3443 3
653 3358 875 3444 Conjux
907 3365 1115 3446 optime
1134 3410 1155 3447 3
1178 3364 1317 3429 vive
1334 3383 1510 3443 meos.
1566 3445 1568 3447 ι

2009 3452 2132 3518 Sed
